%% This BibTeX bibliography file was created using BibDesk.
%% http://bibdesk.sourceforge.net/


%% Created for bingol at 2017-05-21 14:08:46 +0300 


%% Saved with string encoding Unicode (UTF-8) 


@comment{jabref-meta: databaseType:bibtex;}



@incollection{gong2016CrossGenerational,
	Author = {Gong, Tao and Shuai, Lan},
	Booktitle = {Towards a Theoretical Framework for Analyzing Complex Linguistic Networks},
	Date-Added = {2017-05-18 09:05:17 +0000},
	Date-Modified = {2017-05-18 09:05:31 +0000},
	Pages = {237--256},
	Publisher = {Springer Berlin Heidelberg},
	Title = {Simulating the effects of cross-generational cultural transmission on language change},
	Year = {2016}}

@book{theodoridis2010patternMatlab,
	Author = {Theodoridis, Sergios and Pikrakis, Aggelos and Koutroumbas, Konstantinos and Cavouras, Dionisis},
	Date-Added = {2017-05-12 17:38:09 +0000},
	Date-Modified = {2017-05-12 17:42:57 +0000},
	Publisher = {Academic Press},
	Title = {Introduction to pattern recognition: a matlab approach},
	Year = {2010},
	Bdsk-File-1 = {YnBsaXN0MDDUAQIDBAUGJCVYJHZlcnNpb25YJG9iamVjdHNZJGFyY2hpdmVyVCR0b3ASAAGGoKgHCBMUFRYaIVUkbnVsbNMJCgsMDxJXTlMua2V5c1pOUy5vYmplY3RzViRjbGFzc6INDoACgAOiEBGABIAFgAdccmVsYXRpdmVQYXRoWWFsaWFzRGF0YV8Qgy4uLy4uLy4uLy4uLy4uLy4uLzc5LjEyMy4xNzcuMTgxLWdpdEJpbmdvbC8wQm9va3MtZ2l0L19NYWNoaW5lIExlYXJuaW5nL1RoZW9kb3JpZGlzMjAxMC1JbnRyb2R1Y3Rpb24gdG8gUGF0dGVybiBSZWNvZ25pdGlvbi0tQVAucGRm0hcLGBlXTlMuZGF0YU8RAsYAAAAAAsYAAgAADE1hY2ludG9zaCBIRAAAAAAAAAAAAAAAAAAAANDVirVIKwAAABYfqx9UaGVvZG9yaWRpczIwMTAtSW50IzJBRDY2RTMucGRmAAAAAAAAAAAAAAAAAAAAAAAAAAAAAAAAAAAAAAAAAAACrWbj1TujAwAAAAAAAAAAAAYABAAACSAAAAAAAAAAAAAAAAAAAAARX01hY2hpbmUgTGVhcm5pbmcAABAACAAA0NVulQAAABEACAAA1Tt40wAAAAEAIAAWH6sAFh1vACT/mAAZF58AGRedABRvfgAUbAEAFGv0AAIAkk1hY2ludG9zaCBIRDpVc2VyczoAYmluZ29sOgBEb2N1bWVudHM6AFJlcG9zaXRvcmllczoAZ2l0OgA3OS4xMjMuMTc3LjE4MS1naXRCaW5nb2w6ADBCb29rcy1naXQ6AF9NYWNoaW5lIExlYXJuaW5nOgBUaGVvZG9yaWRpczIwMTAtSW50IzJBRDY2RTMucGRmAA4AeAA7AFQAaABlAG8AZABvAHIAaQBkAGkAcwAyADAAMQAwAC0ASQBuAHQAcgBvAGQAdQBjAHQAaQBvAG4AIAB0AG8AIABQAGEAdAB0AGUAcgBuACAAUgBlAGMAbwBnAG4AaQB0AGkAbwBuAC0ALQBBAFAALgBwAGQAZgAPABoADABNAGEAYwBpAG4AdABvAHMAaAAgAEgARAASAJlVc2Vycy9iaW5nb2wvRG9jdW1lbnRzL1JlcG9zaXRvcmllcy9naXQvNzkuMTIzLjE3Ny4xODEtZ2l0QmluZ29sLzBCb29rcy1naXQvX01hY2hpbmUgTGVhcm5pbmcvVGhlb2RvcmlkaXMyMDEwLUludHJvZHVjdGlvbiB0byBQYXR0ZXJuIFJlY29nbml0aW9uLS1BUC5wZGYAABMAAS8AABUAAgAN//8AAIAG0hscHR5aJGNsYXNzbmFtZVgkY2xhc3Nlc11OU011dGFibGVEYXRhox0fIFZOU0RhdGFYTlNPYmplY3TSGxwiI1xOU0RpY3Rpb25hcnmiIiBfEA9OU0tleWVkQXJjaGl2ZXLRJidUcm9vdIABAAgAEQAaACMALQAyADcAQABGAE0AVQBgAGcAagBsAG4AcQBzAHUAdwCEAI4BFAEZASED6wPtA/ID/QQGBBQEGAQfBCgELQQ6BD0ETwRSBFcAAAAAAAACAQAAAAAAAAAoAAAAAAAAAAAAAAAAAAAEWQ==}}

@book{mackay2003information,
	Author = {MacKay, David JC},
	Date-Added = {2017-05-12 17:31:29 +0000},
	Date-Modified = {2017-05-15 16:13:44 +0000},
	Publisher = {Cambridge University Press},
	Title = {Information theory, inference and learning algorithms},
	Year = {2003},
	Bdsk-File-1 = {YnBsaXN0MDDUAQIDBAUGJCVYJHZlcnNpb25YJG9iamVjdHNZJGFyY2hpdmVyVCR0b3ASAAGGoKgHCBMUFRYaIVUkbnVsbNMJCgsMDxJXTlMua2V5c1pOUy5vYmplY3RzViRjbGFzc6INDoACgAOiEBGABIAFgAdccmVsYXRpdmVQYXRoWWFsaWFzRGF0YV8QmC4uLy4uLy4uLy4uLy4uLy4uLzc5LjEyMy4xNzcuMTgxLWdpdEJpbmdvbC8wQm9va3MtZ2l0L19NYWNoaW5lIExlYXJuaW5nL01hY0theTIwMDMtSW5mb3JtYXRpb24gVGhlb3J5LCBJbmZlcmVuY2UsIGFuZCBMZWFybmluZyBBbGdvcml0aG1zLS1DYW1icmlkZ2UucGRm0hcLGBlXTlMuZGF0YU8RAwQAAAAAAwQAAgAADE1hY2ludG9zaCBIRAAAAAAAAAAAAAAAAAAAANDVirVIKwAAABYfqx9NYWNLYXkyMDAzLUluZm9ybWF0IzJBRDdBMDYucGRmAAAAAAAAAAAAAAAAAAAAAAAAAAAAAAAAAAAAAAAAAAACrXoGxRDEEAAAAAAAAAAAAAYABAAACSAAAAAAAAAAAAAAAAAAAAARX01hY2hpbmUgTGVhcm5pbmcAABAACAAA0NVulQAAABEACAAAxRCZ4AAAAAEAIAAWH6sAFh1vACT/mAAZF58AGRedABRvfgAUbAEAFGv0AAIAkk1hY2ludG9zaCBIRDpVc2VyczoAYmluZ29sOgBEb2N1bWVudHM6AFJlcG9zaXRvcmllczoAZ2l0OgA3OS4xMjMuMTc3LjE4MS1naXRCaW5nb2w6ADBCb29rcy1naXQ6AF9NYWNoaW5lIExlYXJuaW5nOgBNYWNLYXkyMDAzLUluZm9ybWF0IzJBRDdBMDYucGRmAA4AogBQAE0AYQBjAEsAYQB5ADIAMAAwADMALQBJAG4AZgBvAHIAbQBhAHQAaQBvAG4AIABUAGgAZQBvAHIAeQAsACAASQBuAGYAZQByAGUAbgBjAGUALAAgAGEAbgBkACAATABlAGEAcgBuAGkAbgBnACAAQQBsAGcAbwByAGkAdABoAG0AcwAtAC0AQwBhAG0AYgByAGkAZABnAGUALgBwAGQAZgAPABoADABNAGEAYwBpAG4AdABvAHMAaAAgAEgARAASAK5Vc2Vycy9iaW5nb2wvRG9jdW1lbnRzL1JlcG9zaXRvcmllcy9naXQvNzkuMTIzLjE3Ny4xODEtZ2l0QmluZ29sLzBCb29rcy1naXQvX01hY2hpbmUgTGVhcm5pbmcvTWFjS2F5MjAwMy1JbmZvcm1hdGlvbiBUaGVvcnksIEluZmVyZW5jZSwgYW5kIExlYXJuaW5nIEFsZ29yaXRobXMtLUNhbWJyaWRnZS5wZGYAEwABLwAAFQACAA3//wAAgAbSGxwdHlokY2xhc3NuYW1lWCRjbGFzc2VzXU5TTXV0YWJsZURhdGGjHR8gVk5TRGF0YVhOU09iamVjdNIbHCIjXE5TRGljdGlvbmFyeaIiIF8QD05TS2V5ZWRBcmNoaXZlctEmJ1Ryb290gAEACAARABoAIwAtADIANwBAAEYATQBVAGAAZwBqAGwAbgBxAHMAdQB3AIQAjgEpAS4BNgQ+BEAERQRQBFkEZwRrBHIEewSABI0EkASiBKUEqgAAAAAAAAIBAAAAAAAAACgAAAAAAAAAAAAAAAAAAASs}}

@article{gong2012coevolution,
	Author = {Gong, T. and Shuai, L.},
	Date-Added = {2017-05-09 06:52:57 +0000},
	Date-Modified = {2017-05-09 06:53:55 +0000},
	Doi = {10.1098/rspb.2012.1431},
	Issn = {1471-2954},
	Journal = {Proceedings of the Royal Society B: Biological Sciences},
	Month = {Sep},
	Number = {1747},
	Pages = {4643--4651},
	Publisher = {The Royal Society},
	Title = {Modelling the coevolution of joint attention and language},
	Url = {http://dx.doi.org/10.1098/rspb.2012.1431},
	Volume = {279},
	Year = {2012},
	Bdsk-File-1 = {YnBsaXN0MDDUAQIDBAUGJCVYJHZlcnNpb25YJG9iamVjdHNZJGFyY2hpdmVyVCR0b3ASAAGGoKgHCBMUFRYaIVUkbnVsbNMJCgsMDxJXTlMua2V5c1pOUy5vYmplY3RzViRjbGFzc6INDoACgAOiEBGABIAFgAdccmVsYXRpdmVQYXRoWWFsaWFzRGF0YV8QiC4uLy4uLy4uLy4uLy4uLy4uLy4uLy4uLy4uL0dvb2dsZSBEcml2ZS9CVS8wUmVwb1BhcGVyL0dvbmcyMDEyLU1vZGVsbGluZyB0aGUgY29ldm9sdXRpb24gb2Ygam9pbnQgYXR0ZW50aW9uIGFuZCBsYW5ndWFnZS0tUFJTQitTSS1oYi5wZGbSFwsYGVdOUy5kYXRhTxECiAAAAAACiAACAAAMTWFjaW50b3NoIEhEAAAAAAAAAAAAAAAAAAAA0NWKtUgrAAABOh3uH0dvbmcyMDEyLU1vZGVsbGluZyAjMkFDQTlGNS5wZGYAAAAAAAAAAAAAAAAAAAAAAAAAAAAAAAAAAAAAAAAAAAKsqfXVLJK7AAAAAAAAAAAACQAEAAAJIAAAAAAAAAAAAAAAAAAAAAowUmVwb1BhcGVyABAACAAA0NVulQAAABEACAAA1SxoiwAAAAEAFAE6He4AG4piABuJUwAUbAEAFGv0AAIAWU1hY2ludG9zaCBIRDpVc2VyczoAYmluZ29sOgBHb29nbGUgRHJpdmU6AEJVOgAwUmVwb1BhcGVyOgBHb25nMjAxMi1Nb2RlbGxpbmcgIzJBQ0E5RjUucGRmAAAOAKYAUgBHAG8AbgBnADIAMAAxADIALQBNAG8AZABlAGwAbABpAG4AZwAgAHQAaABlACAAYwBvAGUAdgBvAGwAdQB0AGkAbwBuACAAbwBmACAAagBvAGkAbgB0ACAAYQB0AHQAZQBuAHQAaQBvAG4AIABhAG4AZAAgAGwAYQBuAGcAdQBhAGcAZQAtAC0AUABSAFMAQgArAFMASQAtAGgAYgAuAHAAZABmAA8AGgAMAE0AYQBjAGkAbgB0AG8AcwBoACAASABEABIAelVzZXJzL2JpbmdvbC9Hb29nbGUgRHJpdmUvQlUvMFJlcG9QYXBlci9Hb25nMjAxMi1Nb2RlbGxpbmcgdGhlIGNvZXZvbHV0aW9uIG9mIGpvaW50IGF0dGVudGlvbiBhbmQgbGFuZ3VhZ2UtLVBSU0IrU0ktaGIucGRmABMAAS8AABUAAgAN//8AAIAG0hscHR5aJGNsYXNzbmFtZVgkY2xhc3Nlc11OU011dGFibGVEYXRhox0fIFZOU0RhdGFYTlNPYmplY3TSGxwiI1xOU0RpY3Rpb25hcnmiIiBfEA9OU0tleWVkQXJjaGl2ZXLRJidUcm9vdIABAAgAEQAaACMALQAyADcAQABGAE0AVQBgAGcAagBsAG4AcQBzAHUAdwCEAI4BGQEeASYDsgO0A7kDxAPNA9sD3wPmA+8D9AQBBAQEFgQZBB4AAAAAAAACAQAAAAAAAAAoAAAAAAAAAAAAAAAAAAAEIA==}}

@article{steels1995NamingGame,
	Author = {Steels, Luc},
	Date-Added = {2017-02-19 19:55:22 +0000},
	Date-Modified = {2017-05-09 06:35:09 +0000},
	Journal = {Artificial Life},
	Number = {3},
	Pages = {319--332},
	Publisher = {MIT Press},
	Title = {A self-organizing spatial vocabulary},
	Volume = {2},
	Year = {1995}}

@article{dallasta2006EPL,
	Author = {Dall'Asta, Luca and Baronchelli, Andrea and Barrat, Alain and Loreto, Vittorio},
	Date-Added = {2017-02-19 19:51:07 +0000},
	Date-Modified = {2017-02-19 19:51:53 +0000},
	Journal = {EPL (Europhysics Letters)},
	Number = {6},
	Pages = {969},
	Publisher = {IOP Publishing},
	Title = {Agreement dynamics on small-world networks},
	Volume = {73},
	Year = {2006}}

@article{hurford1989Lingua,
	Annote = {find},
	Author = {Hurford, James R},
	Date-Added = {2017-02-19 14:42:01 +0000},
	Date-Modified = {2017-02-19 14:42:34 +0000},
	Journal = {Lingua},
	Number = {2},
	Pages = {187--222},
	Publisher = {Elsevier},
	Title = {Biological evolution of the Saussurean sign as a component of the language acquisition device},
	Volume = {77},
	Year = {1989}}

@manual{wikiTowerOfBabel,
	Author = {wikipedia.org},
	Date-Added = {2017-02-19 14:11:07 +0000},
	Date-Modified = {2017-02-20 10:23:43 +0000},
	Title = {Tower of Babel},
	Url = {https://en.wikipedia.org/wiki/Tower_of_Babel},
	Year = {2017 (accessed February 20, 2017)},
	Bdsk-Url-1 = {https://en.wikipedia.org/wiki/Tower_of_Babel}}

@article{mitchener2004chaos,
	Author = {Mitchener, W Garrett and Nowak, Martin A},
	Date-Added = {2017-02-19 11:54:06 +0000},
	Date-Modified = {2017-02-19 11:54:06 +0000},
	Journal = {Proceedings of the Royal Society of London-B},
	Number = {1540},
	Pages = {701--704},
	Publisher = {London: The Society, c1990-},
	Title = {Chaos and language},
	Volume = {271},
	Year = {2004}}

@article{kirby2008cumulative,
	Author = {Kirby, Simon and Cornish, Hannah and Smith, Kenny},
	Date-Added = {2017-02-19 11:37:00 +0000},
	Date-Modified = {2017-02-19 11:37:00 +0000},
	Journal = {Proceedings of the National Academy of Sciences},
	Number = {31},
	Pages = {10681--10686},
	Publisher = {National Acad Sciences},
	Title = {Cumulative cultural evolution in the laboratory: An experimental approach to the origins of structure in human language},
	Volume = {105},
	Year = {2008}}

@article{fontanari2008game,
	Author = {Fontanari, Jos{\'e} F and Perlovsky, Leonid I},
	Date-Added = {2017-02-19 11:33:30 +0000},
	Date-Modified = {2017-02-19 11:33:30 +0000},
	Journal = {Theory in Biosciences},
	Number = {3},
	Pages = {205--214},
	Publisher = {Springer},
	Title = {A game theoretical approach to the evolution of structured communication codes},
	Volume = {127},
	Year = {2008}}

@article{fitch2007linguistics,
	Author = {Fitch, W Tecumseh},
	Date-Added = {2017-02-19 11:30:00 +0000},
	Date-Modified = {2017-02-19 11:30:00 +0000},
	Journal = {Nature},
	Number = {7163},
	Pages = {665--667},
	Publisher = {Nature Publishing Group},
	Title = {Linguistics: An invisible hand},
	Volume = {449},
	Year = {2007}}

@article{plotkin2000languageInformation,
	Author = {Plotkin, Joshua B and Nowak, Martin A},
	Date-Added = {2017-02-19 11:25:26 +0000},
	Date-Modified = {2017-02-19 13:49:29 +0000},
	Journal = {Journal of Theoretical Biology},
	Number = {1},
	Pages = {147--159},
	Publisher = {Elsevier},
	Title = {Language evolution and information theory},
	Volume = {205},
	Year = {2000}}

@article{nowak2000evolution,
	Author = {Nowak, Martin A and Plotkin, Joshua B and Jansen, Vincent AA},
	Date-Added = {2017-02-19 11:21:44 +0000},
	Date-Modified = {2017-02-19 11:21:44 +0000},
	Journal = {Nature},
	Number = {6777},
	Pages = {495--498},
	Publisher = {Nature Publishing Group},
	Title = {The evolution of syntactic communication},
	Volume = {404},
	Year = {2000}}

@article{nowak1999JTB,
	Author = {Nowak, Martin A and Plotkin, Joshua B and Krakauer, David C},
	Date-Added = {2017-02-19 11:17:33 +0000},
	Date-Modified = {2017-02-19 12:02:42 +0000},
	Journal = {Journal of Theoretical Biology},
	Number = {2},
	Pages = {147--162},
	Publisher = {Elsevier},
	Title = {The evolutionary language game},
	Volume = {200},
	Year = {1999}}

@article{nowak2001towards,
	Author = {Nowak, Martin A and Komarova, Natalia L},
	Date-Added = {2017-02-19 11:16:17 +0000},
	Date-Modified = {2017-05-09 06:34:13 +0000},
	Journal = {Trends in Cognitive Sciences},
	Number = {7},
	Pages = {288--295},
	Publisher = {Elsevier},
	Title = {Towards an evolutionary theory of language},
	Volume = {5},
	Year = {2001}}

@article{krakauer2001JTB,
	Author = {Krakauer, David C},
	Date-Added = {2017-02-19 11:14:03 +0000},
	Date-Modified = {2017-05-09 06:33:37 +0000},
	Journal = {Journal of Theoretical Biology},
	Number = {2},
	Pages = {145--157},
	Publisher = {Elsevier},
	Title = {Selective imitation for a private sign system},
	Volume = {213},
	Year = {2001}}

@article{nowak2001evolution,
	Author = {Nowak, Martin A and Komarova, Natalia L and Niyogi, Partha},
	Date-Added = {2017-02-19 11:10:44 +0000},
	Date-Modified = {2017-02-19 11:10:44 +0000},
	Journal = {Science},
	Number = {5501},
	Pages = {114--118},
	Publisher = {American Association for the Advancement of Science},
	Title = {Evolution of universal grammar},
	Volume = {291},
	Year = {2001}}

@article{pinker1990natural,
	Author = {Pinker, Steven and Bloom, Paul},
	Date-Added = {2017-02-19 10:44:47 +0000},
	Date-Modified = {2017-05-09 06:37:38 +0000},
	Journal = {Behavioral and Brain Sciences},
	Number = {04},
	Pages = {707--727},
	Publisher = {Cambridge Univ Press},
	Title = {Natural language and natural selection},
	Volume = {13},
	Year = {1990}}

@article{niyogi1996language,
	Author = {Niyogi, Partha and Berwick, Robert C},
	Date-Added = {2017-02-19 10:39:27 +0000},
	Date-Modified = {2017-02-19 10:39:27 +0000},
	Journal = {Cognition},
	Number = {1},
	Pages = {161--193},
	Publisher = {Elsevier},
	Title = {A language learning model for finite parameter spaces},
	Volume = {61},
	Year = {1996}}

@article{nowak1999PNAS,
	Author = {Nowak, Martin A and Krakauer, David C},
	Date-Added = {2017-02-19 10:36:05 +0000},
	Date-Modified = {2017-02-19 12:01:49 +0000},
	Journal = {Proceedings of the National Academy of Sciences},
	Number = {14},
	Pages = {8028--8033},
	Publisher = {National Acad Sciences},
	Title = {The evolution of language},
	Volume = {96},
	Year = {1999}}

@article{cangelosi1998emergence,
	Author = {Cangelosi, Angelo and Parisi, Domenico},
	Date-Added = {2017-02-19 10:35:01 +0000},
	Date-Modified = {2017-02-19 10:35:01 +0000},
	Journal = {Connection Science},
	Number = {2},
	Pages = {83--97},
	Publisher = {Taylor \& Francis},
	Title = {The emergence of a'language'in an evolving population of neural networks},
	Volume = {10},
	Year = {1998}}

@article{kirby2007innateness,
	Author = {Kirby, Simon and Dowman, Mike and Griffiths, Thomas L},
	Date-Added = {2017-02-18 11:41:45 +0000},
	Date-Modified = {2017-02-18 11:41:45 +0000},
	Journal = {Proceedings of the National Academy of Sciences},
	Number = {12},
	Pages = {5241--5245},
	Publisher = {National Acad Sciences},
	Title = {Innateness and culture in the evolution of language},
	Volume = {104},
	Year = {2007}}

@article{nowak2002computational,
	Author = {Nowak, Martin A and Komarova, Natalia L and Niyogi, Partha},
	Date-Added = {2017-02-18 11:38:00 +0000},
	Date-Modified = {2017-02-18 11:38:00 +0000},
	Journal = {Nature},
	Number = {6889},
	Pages = {611--617},
	Publisher = {Nature Publishing Group},
	Title = {Computational and evolutionary aspects of language},
	Volume = {417},
	Year = {2002}}

@article{pagel2007frequency,
	Author = {Pagel, Mark and Atkinson, Quentin D and Meade, Andrew},
	Date-Added = {2017-02-18 09:33:21 +0000},
	Date-Modified = {2017-02-18 09:33:21 +0000},
	Journal = {Nature},
	Number = {7163},
	Pages = {717--720},
	Publisher = {Nature Publishing Group},
	Title = {Frequency of word-use predicts rates of lexical evolution throughout Indo-European history},
	Volume = {449},
	Year = {2007}}

@article{lieberman2007quantifying,
	Author = {Lieberman, Erez and Michel, Jean-Baptiste and Jackson, Joe and Tang, Tina and Nowak, Martin A},
	Date-Added = {2017-02-17 12:39:48 +0000},
	Date-Modified = {2017-02-17 12:39:48 +0000},
	Journal = {Nature},
	Number = {7163},
	Pages = {713--716},
	Publisher = {Nature Publishing Group},
	Title = {Quantifying the evolutionary dynamics of language},
	Volume = {449},
	Year = {2007}}

@article{bickerton2007language,
	Author = {Bickerton, Derek},
	Date-Added = {2017-02-17 12:37:24 +0000},
	Date-Modified = {2017-02-17 12:37:24 +0000},
	Journal = {Lingua},
	Number = {3},
	Pages = {510--526},
	Publisher = {Elsevier},
	Title = {Language evolution: A brief guide for linguists},
	Volume = {117},
	Year = {2007}}

@article{hauser2014mystery,
	Author = {Hauser, Marc D and Yang, Charles and Berwick, Robert C and Tattersall, Ian and Ryan, Michael J and Watumull, Jeffrey and Chomsky, Noam and Lewontin, Richard C},
	Date-Added = {2017-02-17 12:28:43 +0000},
	Date-Modified = {2017-05-09 06:31:14 +0000},
	Journal = {Frontiers in Psychology},
	Pages = {401},
	Publisher = {Frontiers},
	Title = {The mystery of language evolution},
	Volume = {5},
	Year = {2014}}

@article{bolhuis2014PLOSBio,
	Author = {Bolhuis, Johan J and Tattersall, Ian and Chomsky, Noam and Berwick, Robert C},
	Date-Added = {2017-02-17 12:25:16 +0000},
	Date-Modified = {2017-02-17 12:28:41 +0000},
	Journal = {PLoS Biol},
	Number = {8},
	Pages = {e1001934},
	Publisher = {Public Library of Science},
	Title = {How could language have evolved?},
	Volume = {12},
	Year = {2014}}

@article{Seyfarth1990,
	Author = {Seyfarth, Robert and Cheney, Dorothy},
	Journal = {Animal Behaviour},
	Number = {4},
	Pages = {754--764},
	Publisher = {Elsevier},
	Title = {The assessment by vervet monkeys of their own and another species' alarm calls},
	Volume = {40},
	Year = {1990}}

@article{Szathmary1995,
	Author = {Szathm{\'a}ry, E{\"o}rs and Smith, John Maynard and others},
	Journal = {Nature},
	Number = {6519},
	Pages = {227--232},
	Title = {The Major Evolutionary Transitions},
	Volume = {374},
	Year = {1995}}

@book{Ewens2004,
	Author = {Ewens, WJ},
	Edition = {2},
	Publisher = {Springer, NewYork},
	Title = {Mathematical Population Genetics},
	Year = {2004}}

@book{smith1980,
	Author = {Smith, William John},
	Publisher = {Harvard University Press},
	Title = {The Behavior of Communicating},
	Year = {1980}}

@book{lieberman1984,
	Author = {Lieberman, Philip},
	Publisher = {Harvard University Press},
	Title = {The Biology and Evolution of Language},
	Year = {1984}}

@article{greenfield1991,
	Author = {Greenfield, Patricia M and Savage-Rumbaugh, E Sue},
	Journal = {Hillsdale, NJ, England: Lawrence Erlbaum Associates, Inc},
	Pages = {235--258},
	Publisher = {Lawrence Erlbaum Associates, Inc},
	Title = {Imitation, Grammatical Development, and the Invention of Protogrammar by an Ape.},
	Year = {1991}}

@article{terrace1979,
	Author = {Terrace, Herbert S and Petitto, Laura-Ann and Sanders, Richard J and Bever, Thomas G},
	Journal = {Science},
	Number = {4421},
	Pages = {891--902},
	Title = {Can an Ape Create a Sentence},
	Volume = {206},
	Year = {1979}}

@book{hauser1996,
	Author = {Hauser, Marc D},
	Date-Modified = {2016-06-30 16:12:29 +0000},
	Publisher = {MIT Press},
	Title = {The Evolution of Communication},
	Year = {1996}}

@book{brown1973,
	Author = {Brown, Roger},
	Date-Modified = {2016-06-30 16:18:45 +0000},
	Publisher = {Harvard University Press},
	Title = {A First Language: The Early Stages.},
	Year = {1973}}

@article{Brandone2006,
	Abstract = {Partial contents: Children's social and emotional needs -- Children's academic needs -- 	Children's family-related needs -- Children's health-related needs.},
	Author = {Brandone, Amanda C and Salkind, Sara J and Golinkoff, Roberta Michnick and Hirsh-Pasek, Kathy},
	File = {:C$\backslash$:/Users/23/Desktop/Literature Search/Sachs 1985/Bear chaptBrandone.pdf:pdf},
	Isbn = {0932955797},
	Journal = {Children's needs III: development, prevention, and intervention.},
	Mendeley-Groups = {Literature Search},
	Pages = {499--514},
	Title = {Language Development},
	Url = {http://udel.edu/{~}roberta/pdfs/Bear chaptBrandone.pdf},
	Year = {2006},
	Bdsk-Url-1 = {http://udel.edu/%7B~%7Droberta/pdfs/Bear%20chaptBrandone.pdf}}

@article{sachs1997,
	Author = {Sachs, Jacqueline},
	Journal = {The development of language (4th ed., pp. 40--68). Boston: Allyn \& Bacon},
	Title = {Communication Development in Infancy},
	Year = {1997}}

@article{newport1990,
	Author = {Newport, Elissa L},
	Date-Modified = {2016-06-30 16:13:41 +0000},
	Journal = {Cognitive Science},
	Number = {1},
	Pages = {11--28},
	Publisher = {Wiley Online Library},
	Title = {Maturational Constraints on Language Learning},
	Volume = {14},
	Year = {1990}}

@book{chomsky1993,
	Author = {Chomsky, N.},
	Publisher = {Moyer Bell},
	Series = {Anshen transdisciplinary lectureships in art, science, and the philosophy of culture},
	Title = {Language and Thought},
	Year = {1993}}

@book{fodor1994,
	Author = {Fodor, Jerry A},
	Publisher = {MIT Press},
	Title = {The Elm and the Expert},
	Year = {1994}}

@book{deacon1998,
	Author = {Deacon, Terrence W},
	Publisher = {WW Norton \& Company},
	Title = {The Symbolic Species: The Co-evolution of Language and the Brain},
	Year = {1998}}

@book{greenberg1971,
	Author = {Greenberg, Joseph Harold},
	Publisher = {Stanford University Press},
	Title = {Language, Culture, and Communication},
	Volume = {2},
	Year = {1971}}

@book{cavalli1995,
	Author = {Cavalli-Sforza, Luigi Luca and Cavalli-Sforza, Francesco},
	Publisher = {Basic Books},
	Title = {The Great Human Diasporas: The History of Diversity and Evolution},
	Year = {1995}}

@book{Nowak2006Book,
	Author = {Nowak, M. A.},
	Chapter = {6},
	Date-Modified = {2016-06-30 16:19:41 +0000},
	Publisher = {Cambridge, MA: Belknap of Harvard University Press},
	Title = {Evolutionary Dynamics: Exploring the Equations of Life},
	Year = {2006}}

@book{duda2012pattern,
	Author = {Duda, Richard O and Hart, Peter E and Stork, David G},
	Date-Modified = {2017-05-09 06:34:47 +0000},
	Publisher = {John Wiley \& Sons},
	Title = {Pattern Classification},
	Year = {2012}}

@article{Hurford1989,
	Author = {Hurford, James R},
	Journal = {Lingua},
	Number = {2},
	Pages = {187--222},
	Publisher = {Elsevier},
	Title = {Biological Evolution of the Saussurean Sign as a Component of the Language Acquisition Device},
	Volume = {77},
	Year = {1989}}

@article{Oliphant1996,
	Author = {Oliphant, Michael},
	Journal = {BioSystems},
	Number = {1},
	Pages = {31--38},
	Publisher = {Elsevier},
	Title = {The Dilemma of Saussurean Communication},
	Volume = {37},
	Year = {1996}}

@article{Lenaerts2005,
	Author = {Lenaerts, Tom and Jansen, Bart and Tuyls, Karl and De Vylder, Bart},
	Journal = {Journal of Theoretical Biology},
	Number = {4},
	Pages = {566--582},
	Publisher = {Elsevier},
	Title = {The Evolutionary Language Game: An Orthogonal Approach},
	Volume = {235},
	Year = {2005}}

@article{Pop2013,
	Author = {Pop, Cristina Maria and Frey, Erwin},
	Journal = {Physical Review E - Statistical, Nonlinear, and Soft Matter Physics},
	Keywords = {EoL},
	Pages = {1--9},
	Title = {Language Change in a Multiple Group Society},
	Volume = {88},
	Year = {2013}}

@inproceedings{Tzafestas2008,
	Author = {Tzafestas, Elpida},
	Booktitle = {International Conference on Simulation of Adaptive Behavior},
	Organization = {Springer},
	Pages = {477--487},
	Title = {On Modeling Proto-Imitation in a Pre-associative Babel},
	Year = {2008}}

@inproceedings{Tzafestas2009,
	Author = {Tzafestas, Elpida S},
	Booktitle = {Nature \& Biologically Inspired Computing, 2009. NaBIC 2009. World Congress on},
	Organization = {IEEE},
	Pages = {794--799},
	Title = {Spaces of Imitation},
	Year = {2009}}

@incollection{steinbacher2014,
	Author = {Steinbacher, Mitja and Steinbacher, Matjaz and Steinbacher, Matej},
	Booktitle = {Complexity in Economics: Cutting Edge Research},
	Pages = {161--203},
	Publisher = {Springer},
	Title = {Interaction-Based Approach to Economics and Finance},
	Year = {2014}}

@article{Grim2004,
	Author = {Grim, Patrick and Kokalis, Trina and Alai-Tafti, Ali and Kilb, Nicholas and St Denis, Paul},
	Journal = {Journal of Experimental \& Theoretical Artificial Intelligence},
	Number = {4},
	Pages = {209--243},
	Publisher = {Taylor \& Francis},
	Title = {Making Meaning Happen},
	Volume = {16},
	Year = {2004}}

@article{Zangwill2014,
	Author = {Zangwill, Nick},
	Issn = {1086-329X},
	Journal = {Philosophy and Literature},
	Number = {1},
	Pages = {142--152},
	Title = {Metaphor as Apropriation},
	Volume = {38},
	Year = {2014}}

@article{fortunato2010,
	Author = {Fortunato, Santo},
	Date-Modified = {2016-06-30 16:15:03 +0000},
	Journal = {Physics Reports},
	Number = {3},
	Pages = {75--174},
	Publisher = {Elsevier},
	Title = {Community Detection in Graphs},
	Volume = {486},
	Year = {2010}}

@article{golub2010,
	Author = {Golub, Benjamin and Jackson, Matthew O},
	Journal = {American Economic Journal: Microeconomics},
	Number = {1},
	Pages = {112--149},
	Publisher = {American Economic Association},
	Title = {Naive learning in social networks and the wisdom of crowds},
	Volume = {2},
	Year = {2010}}

@article{acemoglu2010,
	Author = {Acemoglu, Daron and Ozdaglar, Asuman and ParandehGheibi, Ali},
	Journal = {Games and Economic Behavior},
	Number = {2},
	Pages = {194--227},
	Publisher = {Elsevier},
	Title = {Spread of (mis) information in social networks},
	Volume = {70},
	Year = {2010}}

@article{acemoglu2011,
	Author = {Acemoglu, Daron and Dahleh, Munther A and Lobel, Ilan and Ozdaglar, Asuman},
	Journal = {The Review of Economic Studies},
	Number = {4},
	Pages = {1201--1236},
	Publisher = {Oxford University Press},
	Title = {Bayesian learning in social networks},
	Volume = {78},
	Year = {2011}}

@article{jadbabaie2012,
	Author = {Jadbabaie, Ali and Molavi, Pooya and Sandroni, Alvaro and Tahbaz-Salehi, Alireza},
	Journal = {Games and Economic Behavior},
	Number = {1},
	Pages = {210--225},
	Publisher = {Elsevier},
	Title = {Non-Bayesian social learning},
	Volume = {76},
	Year = {2012}}

@article{mcewen2007perspectives,
	Author = {McEwen, FIONA},
	Journal = {Mind \& Language},
	Number = {2},
	Pages = {207--213},
	Publisher = {Wiley Online Library},
	Title = {Perspectives on Imitation: From Neuroscience to Social Science-edited by Susan Hurley and Nick Chater},
	Volume = {22},
	Year = {2007}}

@article{gong2014modelling,
	Author = {Gong, Tao and Shuai, Lan and Zhang, Menghan},
	Journal = {Physics of life reviews},
	Number = {2},
	Pages = {280--302},
	Publisher = {Elsevier},
	Title = {Modelling language evolution: Examples and predictions},
	Volume = {11},
	Year = {2014}}

@article{newman2003structure,
	Author = {Newman, Mark EJ},
	Journal = {SIAM review},
	Number = {2},
	Pages = {167--256},
	Publisher = {SIAM},
	Title = {The structure and function of complex networks},
	Volume = {45},
	Year = {2003}}

@article{barabasi1999mean,
	Author = {Barab{\'a}si, Albert-L{\'a}szl{\'o} and Albert, R{\'e}ka and Jeong, Hawoong},
	Journal = {Physica A: Statistical Mechanics and its Applications},
	Number = {1},
	Pages = {173--187},
	Publisher = {Elsevier},
	Title = {Mean-field theory for scale-free random networks},
	Volume = {272},
	Year = {1999}}
