%% This BibTeX bibliography file was created using BibDesk.
%% https://bibdesk.sourceforge.io/

%% Created for bingol at 2019-04-08 12:36:05 +0300 


%% Saved with string encoding Unicode (UTF-8) 



@conference{bingol2010mLearning,
	Author = {Haluk Bingol andM. Gokhan Habiboglu and Suzan Uskudarli and Ahmet Yildirim and Onur Calikus and Cenk Sezgin and Sahin Yelkenci},
	Booktitle = {Proceedings of the IADIS International Conference on Mobile Learning},
	Date-Added = {2019-04-08 12:26:13 +0300},
	Date-Modified = {2019-04-08 12:29:39 +0300},
	Pages = {124--131},
	Title = {An operator provided m-learning service: A preliminary report},
	Year = {2010}}

@article{cite-key,
	Date-Added = {2019-04-08 12:26:13 +0300},
	Date-Modified = {2019-04-08 12:26:13 +0300}}

@inproceedings{kirlidog2003,
	Author = {Kirlidog, M and Bingol, H},
	Booktitle = {5th International IT in Regional Areas Conference},
	Date-Added = {2019-04-08 10:29:11 +0300},
	Date-Modified = {2019-04-08 10:42:24 +0300},
	Keywords = {eList},
	Pages = {40--48},
	Title = {The shaping of an electronic list by its active members},
	Year = {2003},
	Bdsk-File-1 = {YnBsaXN0MDDSAQIDBFxyZWxhdGl2ZVBhdGhZYWxpYXNEYXRhXxCkLi4vLi4vLi4vLi4vLi4vRG9jdW1lbnRzL0JVL1Jlc2VhcmNoL1BhcGVyLVB1Ymxpc2hlZC1IQi9CaW5nb2wyMDAzLUtpcmxpZG9nLVRoZSBTaGFwaW5nIE9mIEFuIFRoZSBTaGFwaW5nIE9mIEFuIEVsZWN0cm9uaWMgTGlzdCBCeSBJdHMgQWN0aXZlIE1lbWJlcnMgLS0gaVRpcmEwMy5wZGZPEQMGAAAAAAMGAAIAAAxNYWNpbnRvc2ggSEQAAAAAAAAAAAAAAAAAAAAAAAAAQkQAAf////8fQmluZ29sMjAwMy1LaXJsaWRvI0ZGRkZGRkZGLnBkZgAAAAAAAAAAAAAAAAAAAAAAAAAAAAAAAAAAAAAAAAAA/////wAAAAAAAAAAAAAAAAAFAAUAAAogY3UAAAAAAAAAAAAAAAAAElBhcGVyLVB1Ymxpc2hlZC1IQgACAKQvOlVzZXJzOmJpbmdvbDpEb2N1bWVudHM6QlU6UmVzZWFyY2g6UGFwZXItUHVibGlzaGVkLUhCOkJpbmdvbDIwMDMtS2lybGlkb2ctVGhlIFNoYXBpbmcgT2YgQW4gVGhlIFNoYXBpbmcgT2YgQW4gRWxlY3Ryb25pYyBMaXN0IEJ5IEl0cyBBY3RpdmUgTWVtYmVycyAtLSBpVGlyYTAzLnBkZgAOANoAbABCAGkAbgBnAG8AbAAyADAAMAAzAC0ASwBpAHIAbABpAGQAbwBnAC0AVABoAGUAIABTAGgAYQBwAGkAbgBnACAATwBmACAAQQBuACAAVABoAGUAIABTAGgAYQBwAGkAbgBnACAATwBmACAAQQBuACAARQBsAGUAYwB0AHIAbwBuAGkAYwAgAEwAaQBzAHQAIABCAHkAIABJAHQAcwAgAEEAYwB0AGkAdgBlACAATQBlAG0AYgBlAHIAcwAgAC0ALQAgAGkAVABpAHIAYQAwADMALgBwAGQAZgAPABoADABNAGEAYwBpAG4AdABvAHMAaAAgAEgARAASAKJVc2Vycy9iaW5nb2wvRG9jdW1lbnRzL0JVL1Jlc2VhcmNoL1BhcGVyLVB1Ymxpc2hlZC1IQi9CaW5nb2wyMDAzLUtpcmxpZG9nLVRoZSBTaGFwaW5nIE9mIEFuIFRoZSBTaGFwaW5nIE9mIEFuIEVsZWN0cm9uaWMgTGlzdCBCeSBJdHMgQWN0aXZlIE1lbWJlcnMgLS0gaVRpcmEwMy5wZGYAEwABLwAAFQACAA3//wAAAAgADQAaACQAywAAAAAAAAIBAAAAAAAAAAUAAAAAAAAAAAAAAAAAAAPV}}

@inproceedings{patlak2003web,
	Author = {Patlak, Cigdem and Bener, Ayse Basar and Bingol, Haluk},
	Booktitle = {Proceedings of the 29th Conference on EUROMICRO},
	Date-Added = {2019-04-08 10:28:07 +0300},
	Date-Modified = {2019-04-08 10:42:45 +0300},
	Keywords = {webServices},
	Organization = {IEEE Computer Society},
	Pages = {421},
	Title = {Web service standards and real business scenario challenges},
	Year = {2003},
	Bdsk-File-1 = {YnBsaXN0MDDSAQIDBFxyZWxhdGl2ZVBhdGhZYWxpYXNEYXRhXxCYLi4vLi4vLi4vLi4vLi4vRG9jdW1lbnRzL0JVL1Jlc2VhcmNoL1BhcGVyLVB1Ymxpc2hlZC1IQi9CaW5nb2wyMDAzLVBhdGxhay1XZWIgc2VydmljZSBzdGFuZGFyZHMgYW5kIHJlYWwgYnVzaW5lc3Mgc2NlbmFyaW8gY2hhbGxlbmdlcyAtLSBFdXJvTWljcm8wMy5wZGZPEQLWAAAAAALWAAIAAAxNYWNpbnRvc2ggSEQAAAAAAAAAAAAAAAAAAAAAAAAAQkQAAf////8fQmluZ29sMjAwMy1QYXRsYWstI0ZGRkZGRkZGLnBkZgAAAAAAAAAAAAAAAAAAAAAAAAAAAAAAAAAAAAAAAAAA/////wAAAAAAAAAAAAAAAAAFAAUAAAogY3UAAAAAAAAAAAAAAAAAElBhcGVyLVB1Ymxpc2hlZC1IQgACAJgvOlVzZXJzOmJpbmdvbDpEb2N1bWVudHM6QlU6UmVzZWFyY2g6UGFwZXItUHVibGlzaGVkLUhCOkJpbmdvbDIwMDMtUGF0bGFrLVdlYiBzZXJ2aWNlIHN0YW5kYXJkcyBhbmQgcmVhbCBidXNpbmVzcyBzY2VuYXJpbyBjaGFsbGVuZ2VzIC0tIEV1cm9NaWNybzAzLnBkZgAOAMIAYABCAGkAbgBnAG8AbAAyADAAMAAzAC0AUABhAHQAbABhAGsALQBXAGUAYgAgAHMAZQByAHYAaQBjAGUAIABzAHQAYQBuAGQAYQByAGQAcwAgAGEAbgBkACAAcgBlAGEAbAAgAGIAdQBzAGkAbgBlAHMAcwAgAHMAYwBlAG4AYQByAGkAbwAgAGMAaABhAGwAbABlAG4AZwBlAHMAIAAtAC0AIABFAHUAcgBvAE0AaQBjAHIAbwAwADMALgBwAGQAZgAPABoADABNAGEAYwBpAG4AdABvAHMAaAAgAEgARAASAJZVc2Vycy9iaW5nb2wvRG9jdW1lbnRzL0JVL1Jlc2VhcmNoL1BhcGVyLVB1Ymxpc2hlZC1IQi9CaW5nb2wyMDAzLVBhdGxhay1XZWIgc2VydmljZSBzdGFuZGFyZHMgYW5kIHJlYWwgYnVzaW5lc3Mgc2NlbmFyaW8gY2hhbGxlbmdlcyAtLSBFdXJvTWljcm8wMy5wZGYAEwABLwAAFQACAA3//wAAAAgADQAaACQAvwAAAAAAAAIBAAAAAAAAAAUAAAAAAAAAAAAAAAAAAAOZ}}

@inproceedings{tasgin2006CDGenetic,
	Author = {Tasgin, Mursel and Bingol, Aluk},
	Booktitle = {Proc. of the European Conference on Complex Systems (ECSS'06)},
	Date-Added = {2019-04-08 10:25:48 +0300},
	Date-Modified = {2019-04-08 10:41:38 +0300},
	Keywords = {CD, CN},
	Title = {Communities detection in complex networks using genetic algorithms},
	Year = {2006},
	Bdsk-File-1 = {YnBsaXN0MDDSAQIDBFxyZWxhdGl2ZVBhdGhZYWxpYXNEYXRhXxCWLi4vLi4vLi4vLi4vLi4vRG9jdW1lbnRzL0JVL1Jlc2VhcmNoL1BhcGVyLVB1Ymxpc2hlZC1IQi9CaW5nb2wyMDA2LVRhc2dpbi1Db21tdW5pdHkgRGV0ZWN0aW9uIGluIENvbXBsZXggTmV0d29ya3MgdXNpbmcgR2VuZXRpYyBBbGdvcml0aG0gLS0gYXJYaXYuUERGTxECzgAAAAACzgACAAAMTWFjaW50b3NoIEhEAAAAAAAAAAAAAAAAAAAAAAAAAEJEAAH/////H0JpbmdvbDIwMDYtVGFzZ2luLSNGRkZGRkZGRi5QREYAAAAAAAAAAAAAAAAAAAAAAAAAAAAAAAAAAAAAAAAAAP////8AAAAAAAAAAAAAAAAABQAFAAAKIGN1AAAAAAAAAAAAAAAAABJQYXBlci1QdWJsaXNoZWQtSEIAAgCWLzpVc2VyczpiaW5nb2w6RG9jdW1lbnRzOkJVOlJlc2VhcmNoOlBhcGVyLVB1Ymxpc2hlZC1IQjpCaW5nb2wyMDA2LVRhc2dpbi1Db21tdW5pdHkgRGV0ZWN0aW9uIGluIENvbXBsZXggTmV0d29ya3MgdXNpbmcgR2VuZXRpYyBBbGdvcml0aG0gLS0gYXJYaXYuUERGAA4AvgBeAEIAaQBuAGcAbwBsADIAMAAwADYALQBUAGEAcwBnAGkAbgAtAEMAbwBtAG0AdQBuAGkAdAB5ACAARABlAHQAZQBjAHQAaQBvAG4AIABpAG4AIABDAG8AbQBwAGwAZQB4ACAATgBlAHQAdwBvAHIAawBzACAAdQBzAGkAbgBnACAARwBlAG4AZQB0AGkAYwAgAEEAbABnAG8AcgBpAHQAaABtACAALQAtACAAYQByAFgAaQB2AC4AUABEAEYADwAaAAwATQBhAGMAaQBuAHQAbwBzAGgAIABIAEQAEgCUVXNlcnMvYmluZ29sL0RvY3VtZW50cy9CVS9SZXNlYXJjaC9QYXBlci1QdWJsaXNoZWQtSEIvQmluZ29sMjAwNi1UYXNnaW4tQ29tbXVuaXR5IERldGVjdGlvbiBpbiBDb21wbGV4IE5ldHdvcmtzIHVzaW5nIEdlbmV0aWMgQWxnb3JpdGhtIC0tIGFyWGl2LlBERgATAAEvAAAVAAIADf//AAAACAANABoAJAC9AAAAAAAAAgEAAAAAAAAABQAAAAAAAAAAAAAAAAAAA48=}}

@article{acar2007multiway,
	Author = {Acar, Evrim and Aykut-Bingol, Canan and Bingol, Haluk and Bro, Rasmus and Yener, B{\"u}lent},
	Date-Added = {2019-04-08 10:22:42 +0300},
	Date-Modified = {2019-04-08 10:40:22 +0300},
	Journal = {Bioinformatics},
	Keywords = {Epilepsy},
	Number = {13},
	Pages = {i10--i18},
	Publisher = {Oxford University Press},
	Title = {Multiway analysis of epilepsy tensors},
	Volume = {23},
	Year = {2007},
	Bdsk-File-1 = {YnBsaXN0MDDSAQIDBFxyZWxhdGl2ZVBhdGhZYWxpYXNEYXRhXxCDLi4vLi4vLi4vLi4vLi4vRG9jdW1lbnRzL0JVL1Jlc2VhcmNoL1BhcGVyLVB1Ymxpc2hlZC1IQi9CaW5nb2wyMDA3LUFjYXItTXVsdGl3YXkgQW5hbHlzaXMgb2YgRXBpbGVwc3kgVGVuc29ycyAtLSBCaW9pbmZvcm1hdGljcy5wZGZPEQKEAAAAAAKEAAIAAAxNYWNpbnRvc2ggSEQAAAAAAAAAAAAAAAAAAAAAAAAAQkQAAf////8fQmluZ29sMjAwNy1BY2FyLU11I0ZGRkZGRkZGLnBkZgAAAAAAAAAAAAAAAAAAAAAAAAAAAAAAAAAAAAAAAAAA/////wAAAAAAAAAAAAAAAAAFAAUAAAogY3UAAAAAAAAAAAAAAAAAElBhcGVyLVB1Ymxpc2hlZC1IQgACAIMvOlVzZXJzOmJpbmdvbDpEb2N1bWVudHM6QlU6UmVzZWFyY2g6UGFwZXItUHVibGlzaGVkLUhCOkJpbmdvbDIwMDctQWNhci1NdWx0aXdheSBBbmFseXNpcyBvZiBFcGlsZXBzeSBUZW5zb3JzIC0tIEJpb2luZm9ybWF0aWNzLnBkZgAADgCYAEsAQgBpAG4AZwBvAGwAMgAwADAANwAtAEEAYwBhAHIALQBNAHUAbAB0AGkAdwBhAHkAIABBAG4AYQBsAHkAcwBpAHMAIABvAGYAIABFAHAAaQBsAGUAcABzAHkAIABUAGUAbgBzAG8AcgBzACAALQAtACAAQgBpAG8AaQBuAGYAbwByAG0AYQB0AGkAYwBzAC4AcABkAGYADwAaAAwATQBhAGMAaQBuAHQAbwBzAGgAIABIAEQAEgCBVXNlcnMvYmluZ29sL0RvY3VtZW50cy9CVS9SZXNlYXJjaC9QYXBlci1QdWJsaXNoZWQtSEIvQmluZ29sMjAwNy1BY2FyLU11bHRpd2F5IEFuYWx5c2lzIG9mIEVwaWxlcHN5IFRlbnNvcnMgLS0gQmlvaW5mb3JtYXRpY3MucGRmAAATAAEvAAAVAAIADf//AAAACAANABoAJACqAAAAAAAAAgEAAAAAAAAABQAAAAAAAAAAAAAAAAAAAzI=}}

@inproceedings{acar2007seizure,
	Author = {Acar, Evrim and Bingol, Canan Aykut and Bingol, Haluk and Bro, Rasmus and Yener, Bulent},
	Booktitle = {2007 29th Annual International Conference of the IEEE Engineering in Medicine and Biology Society},
	Date-Added = {2019-04-08 10:22:10 +0300},
	Date-Modified = {2019-04-08 10:40:34 +0300},
	Keywords = {Epilepsy},
	Organization = {IEEE},
	Pages = {4273--4276},
	Title = {Seizure recognition on epilepsy feature tensor},
	Year = {2007},
	Bdsk-File-1 = {YnBsaXN0MDDSAQIDBFxyZWxhdGl2ZVBhdGhZYWxpYXNEYXRhXxCFLi4vLi4vLi4vLi4vLi4vRG9jdW1lbnRzL0JVL1Jlc2VhcmNoL1BhcGVyLVB1Ymxpc2hlZC1IQi9CaW5nb2wyMDA3LUFjYXItU2VpenVyZSBSZWNvZ25pdGlvbiBvbiBFcGlsZXBzeSBGZWF0dXJlIFRlbnNvci0tSUVFRSBFTUJTLnBkZk8RAowAAAAAAowAAgAADE1hY2ludG9zaCBIRAAAAAAAAAAAAAAAAAAAAAAAAABCRAAB/////x9CaW5nb2wyMDA3LUFjYXItU2UjRkZGRkZGRkYucGRmAAAAAAAAAAAAAAAAAAAAAAAAAAAAAAAAAAAAAAAAAAD/////AAAAAAAAAAAAAAAAAAUABQAACiBjdQAAAAAAAAAAAAAAAAASUGFwZXItUHVibGlzaGVkLUhCAAIAhS86VXNlcnM6YmluZ29sOkRvY3VtZW50czpCVTpSZXNlYXJjaDpQYXBlci1QdWJsaXNoZWQtSEI6QmluZ29sMjAwNy1BY2FyLVNlaXp1cmUgUmVjb2duaXRpb24gb24gRXBpbGVwc3kgRmVhdHVyZSBUZW5zb3ItLUlFRUUgRU1CUy5wZGYAAA4AnABNAEIAaQBuAGcAbwBsADIAMAAwADcALQBBAGMAYQByAC0AUwBlAGkAegB1AHIAZQAgAFIAZQBjAG8AZwBuAGkAdABpAG8AbgAgAG8AbgAgAEUAcABpAGwAZQBwAHMAeQAgAEYAZQBhAHQAdQByAGUAIABUAGUAbgBzAG8AcgAtAC0ASQBFAEUARQAgAEUATQBCAFMALgBwAGQAZgAPABoADABNAGEAYwBpAG4AdABvAHMAaAAgAEgARAASAINVc2Vycy9iaW5nb2wvRG9jdW1lbnRzL0JVL1Jlc2VhcmNoL1BhcGVyLVB1Ymxpc2hlZC1IQi9CaW5nb2wyMDA3LUFjYXItU2VpenVyZSBSZWNvZ25pdGlvbiBvbiBFcGlsZXBzeSBGZWF0dXJlIFRlbnNvci0tSUVFRSBFTUJTLnBkZgAAEwABLwAAFQACAA3//wAAAAgADQAaACQArAAAAAAAAAIBAAAAAAAAAAUAAAAAAAAAAAAAAAAAAAM8}}

@inproceedings{dinc2007effect,
	Author = {Dinc, Daghan and Bingol, Haluk},
	Booktitle = {2007 22nd international symposium on computer and information sciences},
	Date-Added = {2019-04-08 10:21:16 +0300},
	Date-Modified = {2019-04-08 10:40:43 +0300},
	Keywords = {CN},
	Organization = {IEEE},
	Pages = {1--5},
	Title = {The effect of euclidean distance in directed scale-free network generation},
	Year = {2007},
	Bdsk-File-1 = {YnBsaXN0MDDSAQIDBFxyZWxhdGl2ZVBhdGhZYWxpYXNEYXRhXxCfLi4vLi4vLi4vLi4vLi4vRG9jdW1lbnRzL0JVL1Jlc2VhcmNoL1BhcGVyLVB1Ymxpc2hlZC1IQi9CaW5nb2wyMDA3LURpbmMtVGhlIGVmZmVjdCBvZiBFdWNsaWRlYW4gZGlzdGFuY2UgaW4gZGlyZWN0ZWQgc2NhbGUtZnJlZSBuZXR3b3JrIGdlbmVyYXRpb24tLUlTQ0lTMDcucGRmTxEC9AAAAAAC9AACAAAMTWFjaW50b3NoIEhEAAAAAAAAAAAAAAAAAAAAAAAAAEJEAAH/////H0JpbmdvbDIwMDctRGluYy1UaCNGRkZGRkZGRi5wZGYAAAAAAAAAAAAAAAAAAAAAAAAAAAAAAAAAAAAAAAAAAP////8AAAAAAAAAAAAAAAAABQAFAAAKIGN1AAAAAAAAAAAAAAAAABJQYXBlci1QdWJsaXNoZWQtSEIAAgCfLzpVc2VyczpiaW5nb2w6RG9jdW1lbnRzOkJVOlJlc2VhcmNoOlBhcGVyLVB1Ymxpc2hlZC1IQjpCaW5nb2wyMDA3LURpbmMtVGhlIGVmZmVjdCBvZiBFdWNsaWRlYW4gZGlzdGFuY2UgaW4gZGlyZWN0ZWQgc2NhbGUtZnJlZSBuZXR3b3JrIGdlbmVyYXRpb24tLUlTQ0lTMDcucGRmAAAOANAAZwBCAGkAbgBnAG8AbAAyADAAMAA3AC0ARABpAG4AYwAtAFQAaABlACAAZQBmAGYAZQBjAHQAIABvAGYAIABFAHUAYwBsAGkAZABlAGEAbgAgAGQAaQBzAHQAYQBuAGMAZQAgAGkAbgAgAGQAaQByAGUAYwB0AGUAZAAgAHMAYwBhAGwAZQAtAGYAcgBlAGUAIABuAGUAdAB3AG8AcgBrACAAZwBlAG4AZQByAGEAdABpAG8AbgAtAC0ASQBTAEMASQBTADAANwAuAHAAZABmAA8AGgAMAE0AYQBjAGkAbgB0AG8AcwBoACAASABEABIAnVVzZXJzL2JpbmdvbC9Eb2N1bWVudHMvQlUvUmVzZWFyY2gvUGFwZXItUHVibGlzaGVkLUhCL0JpbmdvbDIwMDctRGluYy1UaGUgZWZmZWN0IG9mIEV1Y2xpZGVhbiBkaXN0YW5jZSBpbiBkaXJlY3RlZCBzY2FsZS1mcmVlIG5ldHdvcmsgZ2VuZXJhdGlvbi0tSVNDSVMwNy5wZGYAABMAAS8AABUAAgAN//8AAAAIAA0AGgAkAMYAAAAAAAACAQAAAAAAAAAFAAAAAAAAAAAAAAAAAAADvg==}}

@article{herdagdelen2007formal,
	Author = {Herda{\u{g}}delen, A and Ayg{\"u}n, Eser and Bingol, Haluk},
	Date-Added = {2019-04-08 10:20:23 +0300},
	Date-Modified = {2019-04-08 11:58:30 +0300},
	Journal = {EPL (Europhysics Letters)},
	Keywords = {CN},
	Number = {6},
	Pages = {60007},
	Publisher = {IOP Publishing},
	Title = {A formal treatment of generalized preferential attachment and its empirical validation},
	Volume = {78},
	Year = {2007},
	Bdsk-File-1 = {YnBsaXN0MDDSAQIDBFxyZWxhdGl2ZVBhdGhZYWxpYXNEYXRhXxCwLi4vLi4vLi4vLi4vLi4vRG9jdW1lbnRzL0JVL1Jlc2VhcmNoL1BhcGVyLVB1Ymxpc2hlZC1IQi9CaW5nb2wyMDA3LUhlcmRhZ2RlbGVuLUEgZm9ybWFsIHRyZWF0bWVudCBvZiBnZW5lcmFsaXplZCBwcmVmZXJlbnRpYWwgYXR0YWNobWVudCBhbmQgaXRzIGVtcGlyaWNhbCB2YWxpZGF0aW9uIC0tIEVQTC5wZGZPEQM2AAAAAAM2AAIAAAxNYWNpbnRvc2ggSEQAAAAAAAAAAAAAAAAAAAAAAAAAQkQAAf////8fQmluZ29sMjAwNy1IZXJkYWdkI0ZGRkZGRkZGLnBkZgAAAAAAAAAAAAAAAAAAAAAAAAAAAAAAAAAAAAAAAAAA/////wAAAAAAAAAAAAAAAAAFAAUAAAogY3UAAAAAAAAAAAAAAAAAElBhcGVyLVB1Ymxpc2hlZC1IQgACALAvOlVzZXJzOmJpbmdvbDpEb2N1bWVudHM6QlU6UmVzZWFyY2g6UGFwZXItUHVibGlzaGVkLUhCOkJpbmdvbDIwMDctSGVyZGFnZGVsZW4tQSBmb3JtYWwgdHJlYXRtZW50IG9mIGdlbmVyYWxpemVkIHByZWZlcmVudGlhbCBhdHRhY2htZW50IGFuZCBpdHMgZW1waXJpY2FsIHZhbGlkYXRpb24gLS0gRVBMLnBkZgAOAPIAeABCAGkAbgBnAG8AbAAyADAAMAA3AC0ASABlAHIAZABhAGcAZABlAGwAZQBuAC0AQQAgAGYAbwByAG0AYQBsACAAdAByAGUAYQB0AG0AZQBuAHQAIABvAGYAIABnAGUAbgBlAHIAYQBsAGkAegBlAGQAIABwAHIAZQBmAGUAcgBlAG4AdABpAGEAbAAgAGEAdAB0AGEAYwBoAG0AZQBuAHQAIABhAG4AZAAgAGkAdABzACAAZQBtAHAAaQByAGkAYwBhAGwAIAB2AGEAbABpAGQAYQB0AGkAbwBuACAALQAtACAARQBQAEwALgBwAGQAZgAPABoADABNAGEAYwBpAG4AdABvAHMAaAAgAEgARAASAK5Vc2Vycy9iaW5nb2wvRG9jdW1lbnRzL0JVL1Jlc2VhcmNoL1BhcGVyLVB1Ymxpc2hlZC1IQi9CaW5nb2wyMDA3LUhlcmRhZ2RlbGVuLUEgZm9ybWFsIHRyZWF0bWVudCBvZiBnZW5lcmFsaXplZCBwcmVmZXJlbnRpYWwgYXR0YWNobWVudCBhbmQgaXRzIGVtcGlyaWNhbCB2YWxpZGF0aW9uIC0tIEVQTC5wZGYAEwABLwAAFQACAA3//wAAAAgADQAaACQA1wAAAAAAAAIBAAAAAAAAAAUAAAAAAAAAAAAAAAAAAAQR}}

@inproceedings{strori2007cross,
	Author = {Strori, Dorina and Bombaci, Ahmet and Bingol, Haluk},
	Booktitle = {2007 22nd International Symposium on Computer and Information Sciences},
	Date-Added = {2019-04-08 10:18:46 +0300},
	Date-Modified = {2019-04-08 10:40:59 +0300},
	Keywords = {Language},
	Organization = {IEEE},
	Pages = {1--7},
	Title = {Cross comparison of synonym graphs in a multi linguistic context},
	Year = {2007},
	Bdsk-File-1 = {YnBsaXN0MDDSAQIDBFxyZWxhdGl2ZVBhdGhZYWxpYXNEYXRhXxCZLi4vLi4vLi4vLi4vLi4vRG9jdW1lbnRzL0JVL1Jlc2VhcmNoL1BhcGVyLVB1Ymxpc2hlZC1IQi9CaW5nb2wyMDA3LVN0cm9yaS1Dcm9zcyBjb21wYXJpc29uIG9mIHN5bm9ueW0gZ3JhcGhzIGluIGEgbXVsdGkgbGluZ3Vpc3RpYyBjb250ZXh0IC0tIElTQ0lTMDcucGRmTxEC3AAAAAAC3AACAAAMTWFjaW50b3NoIEhEAAAAAAAAAAAAAAAAAAAAAAAAAEJEAAH/////H0JpbmdvbDIwMDctU3Ryb3JpLSNGRkZGRkZGRi5wZGYAAAAAAAAAAAAAAAAAAAAAAAAAAAAAAAAAAAAAAAAAAP////8AAAAAAAAAAAAAAAAABQAFAAAKIGN1AAAAAAAAAAAAAAAAABJQYXBlci1QdWJsaXNoZWQtSEIAAgCZLzpVc2VyczpiaW5nb2w6RG9jdW1lbnRzOkJVOlJlc2VhcmNoOlBhcGVyLVB1Ymxpc2hlZC1IQjpCaW5nb2wyMDA3LVN0cm9yaS1Dcm9zcyBjb21wYXJpc29uIG9mIHN5bm9ueW0gZ3JhcGhzIGluIGEgbXVsdGkgbGluZ3Vpc3RpYyBjb250ZXh0IC0tIElTQ0lTMDcucGRmAAAOAMQAYQBCAGkAbgBnAG8AbAAyADAAMAA3AC0AUwB0AHIAbwByAGkALQBDAHIAbwBzAHMAIABjAG8AbQBwAGEAcgBpAHMAbwBuACAAbwBmACAAcwB5AG4AbwBuAHkAbQAgAGcAcgBhAHAAaABzACAAaQBuACAAYQAgAG0AdQBsAHQAaQAgAGwAaQBuAGcAdQBpAHMAdABpAGMAIABjAG8AbgB0AGUAeAB0ACAALQAtACAASQBTAEMASQBTADAANwAuAHAAZABmAA8AGgAMAE0AYQBjAGkAbgB0AG8AcwBoACAASABEABIAl1VzZXJzL2JpbmdvbC9Eb2N1bWVudHMvQlUvUmVzZWFyY2gvUGFwZXItUHVibGlzaGVkLUhCL0JpbmdvbDIwMDctU3Ryb3JpLUNyb3NzIGNvbXBhcmlzb24gb2Ygc3lub255bSBncmFwaHMgaW4gYSBtdWx0aSBsaW5ndWlzdGljIGNvbnRleHQgLS0gSVNDSVMwNy5wZGYAABMAAS8AABUAAgAN//8AAAAIAA0AGgAkAMAAAAAAAAACAQAAAAAAAAAFAAAAAAAAAAAAAAAAAAADoA==}}

@article{bingol2008PRE,
	Author = {Bingol, Haluk},
	Date-Added = {2019-04-08 10:14:37 +0300},
	Date-Modified = {2019-04-08 11:46:22 +0300},
	Journal = {Physical Review E},
	Keywords = {SM, SRM},
	Number = {3},
	Pages = {036118},
	Publisher = {APS},
	Title = {Fame emerges as a result of small memory},
	Volume = {77},
	Year = {2008},
	Bdsk-File-1 = {YnBsaXN0MDDSAQIDBFxyZWxhdGl2ZVBhdGhZYWxpYXNEYXRhXxB9Li4vLi4vLi4vLi4vLi4vRG9jdW1lbnRzL0JVL1Jlc2VhcmNoL1BhcGVyLVB1Ymxpc2hlZC1IQi9CaW5nb2wyMDA4LUJpbmdvbC1GYW1lIGVtZXJnZXMgYXMgYSByZXN1bHQgb2Ygc21hbGwgbWVtb3J5IC0tIFBSRS5wZGZPEQJsAAAAAAJsAAIAAAxNYWNpbnRvc2ggSEQAAAAAAAAAAAAAAAAAAAAAAAAAQkQAAf////8fQmluZ29sMjAwOC1CaW5nb2wtI0ZGRkZGRkZGLnBkZgAAAAAAAAAAAAAAAAAAAAAAAAAAAAAAAAAAAAAAAAAA/////wAAAAAAAAAAAAAAAAAFAAUAAAogY3UAAAAAAAAAAAAAAAAAElBhcGVyLVB1Ymxpc2hlZC1IQgACAH0vOlVzZXJzOmJpbmdvbDpEb2N1bWVudHM6QlU6UmVzZWFyY2g6UGFwZXItUHVibGlzaGVkLUhCOkJpbmdvbDIwMDgtQmluZ29sLUZhbWUgZW1lcmdlcyBhcyBhIHJlc3VsdCBvZiBzbWFsbCBtZW1vcnkgLS0gUFJFLnBkZgAADgCMAEUAQgBpAG4AZwBvAGwAMgAwADAAOAAtAEIAaQBuAGcAbwBsAC0ARgBhAG0AZQAgAGUAbQBlAHIAZwBlAHMAIABhAHMAIABhACAAcgBlAHMAdQBsAHQAIABvAGYAIABzAG0AYQBsAGwAIABtAGUAbQBvAHIAeQAgAC0ALQAgAFAAUgBFAC4AcABkAGYADwAaAAwATQBhAGMAaQBuAHQAbwBzAGgAIABIAEQAEgB7VXNlcnMvYmluZ29sL0RvY3VtZW50cy9CVS9SZXNlYXJjaC9QYXBlci1QdWJsaXNoZWQtSEIvQmluZ29sMjAwOC1CaW5nb2wtRmFtZSBlbWVyZ2VzIGFzIGEgcmVzdWx0IG9mIHNtYWxsIG1lbW9yeSAtLSBQUkUucGRmAAATAAEvAAAVAAIADf//AAAACAANABoAJACkAAAAAAAAAgEAAAAAAAAABQAAAAAAAAAAAAAAAAAAAxQ=}}

@article{cetin2008use,
	Author = {Cetin, Burak and Bingol, Haluk},
	Date-Added = {2019-04-08 10:13:51 +0300},
	Date-Modified = {2019-04-08 10:39:48 +0300},
	Journal = {arXiv preprint arXiv:0802.3293},
	Keywords = {CN},
	Title = {Use of Rapid Probabilistic Argumentation for Ranking on Large Complex Networks},
	Year = {2008},
	Bdsk-File-1 = {YnBsaXN0MDDSAQIDBFxyZWxhdGl2ZVBhdGhZYWxpYXNEYXRhXxCkLi4vLi4vLi4vLi4vLi4vRG9jdW1lbnRzL0JVL1Jlc2VhcmNoL1BhcGVyLVB1Ymxpc2hlZC1IQi9CaW5nb2wyMDA4LUNldGluLVVzZSBvZiBSYXBpZCBQcm9iYWJpbGlzdGljIEFyZ3VtZW50YXRpb24gZm9yIFJhbmtpbmcgb24gTGFyZ2UgQ29tcGxleCBOZXR3b3JrcyAtLSBhclhpdi5wZGZPEQMGAAAAAAMGAAIAAAxNYWNpbnRvc2ggSEQAAAAAAAAAAAAAAAAAAAAAAAAAQkQAAf////8fQmluZ29sMjAwOC1DZXRpbi1VI0ZGRkZGRkZGLnBkZgAAAAAAAAAAAAAAAAAAAAAAAAAAAAAAAAAAAAAAAAAA/////wAAAAAAAAAAAAAAAAAFAAUAAAogY3UAAAAAAAAAAAAAAAAAElBhcGVyLVB1Ymxpc2hlZC1IQgACAKQvOlVzZXJzOmJpbmdvbDpEb2N1bWVudHM6QlU6UmVzZWFyY2g6UGFwZXItUHVibGlzaGVkLUhCOkJpbmdvbDIwMDgtQ2V0aW4tVXNlIG9mIFJhcGlkIFByb2JhYmlsaXN0aWMgQXJndW1lbnRhdGlvbiBmb3IgUmFua2luZyBvbiBMYXJnZSBDb21wbGV4IE5ldHdvcmtzIC0tIGFyWGl2LnBkZgAOANoAbABCAGkAbgBnAG8AbAAyADAAMAA4AC0AQwBlAHQAaQBuAC0AVQBzAGUAIABvAGYAIABSAGEAcABpAGQAIABQAHIAbwBiAGEAYgBpAGwAaQBzAHQAaQBjACAAQQByAGcAdQBtAGUAbgB0AGEAdABpAG8AbgAgAGYAbwByACAAUgBhAG4AawBpAG4AZwAgAG8AbgAgAEwAYQByAGcAZQAgAEMAbwBtAHAAbABlAHgAIABOAGUAdAB3AG8AcgBrAHMAIAAtAC0AIABhAHIAWABpAHYALgBwAGQAZgAPABoADABNAGEAYwBpAG4AdABvAHMAaAAgAEgARAASAKJVc2Vycy9iaW5nb2wvRG9jdW1lbnRzL0JVL1Jlc2VhcmNoL1BhcGVyLVB1Ymxpc2hlZC1IQi9CaW5nb2wyMDA4LUNldGluLVVzZSBvZiBSYXBpZCBQcm9iYWJpbGlzdGljIEFyZ3VtZW50YXRpb24gZm9yIFJhbmtpbmcgb24gTGFyZ2UgQ29tcGxleCBOZXR3b3JrcyAtLSBhclhpdi5wZGYAEwABLwAAFQACAA3//wAAAAgADQAaACQAywAAAAAAAAIBAAAAAAAAAAUAAAAAAAAAAAAAAAAAAAPV}}

@article{herdagdelen2008CMM,
	Author = {Amac Herdagdelen and Haluk Bingol},
	Date-Added = {2019-04-08 10:11:19 +0300},
	Date-Modified = {2019-04-08 10:39:57 +0300},
	Journal = {International Journal of Modern Physics C},
	Keywords = {CMM, market, CN},
	Number = {2},
	Pages = {271--282},
	Title = {A cultural market model},
	Volume = {19},
	Year = {2008},
	Bdsk-File-1 = {YnBsaXN0MDDSAQIDBFxyZWxhdGl2ZVBhdGhZYWxpYXNEYXRhXxBzLi4vLi4vLi4vLi4vLi4vRG9jdW1lbnRzL0JVL1Jlc2VhcmNoL1BhcGVyLVB1Ymxpc2hlZC1IQi9CaW5nb2wyMDA4LUhlcmRhZ2RlbGVuLUEgQ3VsdHVyYWwgTWFya2V0IE1vZGVsIC0tIElKTVBDLnBkZk8RAkQAAAAAAkQAAgAADE1hY2ludG9zaCBIRAAAAAAAAAAAAAAAAAAAAAAAAABCRAAB/////x9CaW5nb2wyMDA4LUhlcmRhZ2QjRkZGRkZGRkYucGRmAAAAAAAAAAAAAAAAAAAAAAAAAAAAAAAAAAAAAAAAAAD/////AAAAAAAAAAAAAAAAAAUABQAACiBjdQAAAAAAAAAAAAAAAAASUGFwZXItUHVibGlzaGVkLUhCAAIAcy86VXNlcnM6YmluZ29sOkRvY3VtZW50czpCVTpSZXNlYXJjaDpQYXBlci1QdWJsaXNoZWQtSEI6QmluZ29sMjAwOC1IZXJkYWdkZWxlbi1BIEN1bHR1cmFsIE1hcmtldCBNb2RlbCAtLSBJSk1QQy5wZGYAAA4AeAA7AEIAaQBuAGcAbwBsADIAMAAwADgALQBIAGUAcgBkAGEAZwBkAGUAbABlAG4ALQBBACAAQwB1AGwAdAB1AHIAYQBsACAATQBhAHIAawBlAHQAIABNAG8AZABlAGwAIAAtAC0AIABJAEoATQBQAEMALgBwAGQAZgAPABoADABNAGEAYwBpAG4AdABvAHMAaAAgAEgARAASAHFVc2Vycy9iaW5nb2wvRG9jdW1lbnRzL0JVL1Jlc2VhcmNoL1BhcGVyLVB1Ymxpc2hlZC1IQi9CaW5nb2wyMDA4LUhlcmRhZ2RlbGVuLUEgQ3VsdHVyYWwgTWFya2V0IE1vZGVsIC0tIElKTVBDLnBkZgAAEwABLwAAFQACAA3//wAAAAgADQAaACQAmgAAAAAAAAIBAAAAAAAAAAUAAAAAAAAAAAAAAAAAAALi}}

@article{ozgur2008IJMPC,
	Author = {{\"O}zg{\"u}r, Arzucan and Cetin, Burak and Bingol, Haluk},
	Date-Added = {2019-04-08 10:09:31 +0300},
	Date-Modified = {2019-04-08 10:40:04 +0300},
	Journal = {International Journal of Modern Physics C},
	Keywords = {CN},
	Number = {05},
	Pages = {689--702},
	Publisher = {World Scientific},
	Title = {Co-occurrence network of reuters news},
	Volume = {19},
	Year = {2008},
	Bdsk-File-1 = {YnBsaXN0MDDSAQIDBFxyZWxhdGl2ZVBhdGhZYWxpYXNEYXRhXxB7Li4vLi4vLi4vLi4vLi4vRG9jdW1lbnRzL0JVL1Jlc2VhcmNoL1BhcGVyLVB1Ymxpc2hlZC1IQi9CaW5nb2wyMDA4LU96Z3VyLUNvLW9jY3VycmVuY2UgTmV0d29yayBvZiBSZXV0ZXJzIE5ld3MgLS0gSUpNUEMucGRmTxECZAAAAAACZAACAAAMTWFjaW50b3NoIEhEAAAAAAAAAAAAAAAAAAAAAAAAAEJEAAH/////H0JpbmdvbDIwMDgtT3pndXItQyNGRkZGRkZGRi5wZGYAAAAAAAAAAAAAAAAAAAAAAAAAAAAAAAAAAAAAAAAAAP////8AAAAAAAAAAAAAAAAABQAFAAAKIGN1AAAAAAAAAAAAAAAAABJQYXBlci1QdWJsaXNoZWQtSEIAAgB7LzpVc2VyczpiaW5nb2w6RG9jdW1lbnRzOkJVOlJlc2VhcmNoOlBhcGVyLVB1Ymxpc2hlZC1IQjpCaW5nb2wyMDA4LU96Z3VyLUNvLW9jY3VycmVuY2UgTmV0d29yayBvZiBSZXV0ZXJzIE5ld3MgLS0gSUpNUEMucGRmAAAOAIgAQwBCAGkAbgBnAG8AbAAyADAAMAA4AC0ATwB6AGcAdQByAC0AQwBvAC0AbwBjAGMAdQByAHIAZQBuAGMAZQAgAE4AZQB0AHcAbwByAGsAIABvAGYAIABSAGUAdQB0AGUAcgBzACAATgBlAHcAcwAgAC0ALQAgAEkASgBNAFAAQwAuAHAAZABmAA8AGgAMAE0AYQBjAGkAbgB0AG8AcwBoACAASABEABIAeVVzZXJzL2JpbmdvbC9Eb2N1bWVudHMvQlUvUmVzZWFyY2gvUGFwZXItUHVibGlzaGVkLUhCL0JpbmdvbDIwMDgtT3pndXItQ28tb2NjdXJyZW5jZSBOZXR3b3JrIG9mIFJldXRlcnMgTmV3cyAtLSBJSk1QQy5wZGYAABMAAS8AABUAAgAN//8AAAAIAA0AGgAkAKIAAAAAAAACAQAAAAAAAAAFAAAAAAAAAAAAAAAAAAADCg==}}

@article{yildirim2008cooperation,
	Author = {Yildirim, Ilker and Bingol, Haluk},
	Date-Added = {2019-04-08 09:51:02 +0300},
	Date-Modified = {2019-04-08 10:40:14 +0300},
	Journal = {arXiv preprint arXiv:0806.3938},
	Keywords = {Model},
	Title = {Cooperation with Complement is Better},
	Year = {2008},
	Bdsk-File-1 = {YnBsaXN0MDDSAQIDBFxyZWxhdGl2ZVBhdGhZYWxpYXNEYXRhXxB+Li4vLi4vLi4vLi4vLi4vRG9jdW1lbnRzL0JVL1Jlc2VhcmNoL1BhcGVyLVB1Ymxpc2hlZC1IQi9CaW5nb2wyMDA4LVlpbGRpcmltLUNvb3BlcmF0aW9uIHdpdGggQ29tcGxlbWVudCBpcyBCZXR0ZXIgLS0gYXJYaXYucGRmTxECbgAAAAACbgACAAAMTWFjaW50b3NoIEhEAAAAAAAAAAAAAAAAAAAAAAAAAEJEAAH/////H0JpbmdvbDIwMDgtWWlsZGlyaSNGRkZGRkZGRi5wZGYAAAAAAAAAAAAAAAAAAAAAAAAAAAAAAAAAAAAAAAAAAP////8AAAAAAAAAAAAAAAAABQAFAAAKIGN1AAAAAAAAAAAAAAAAABJQYXBlci1QdWJsaXNoZWQtSEIAAgB+LzpVc2VyczpiaW5nb2w6RG9jdW1lbnRzOkJVOlJlc2VhcmNoOlBhcGVyLVB1Ymxpc2hlZC1IQjpCaW5nb2wyMDA4LVlpbGRpcmltLUNvb3BlcmF0aW9uIHdpdGggQ29tcGxlbWVudCBpcyBCZXR0ZXIgLS0gYXJYaXYucGRmAA4AjgBGAEIAaQBuAGcAbwBsADIAMAAwADgALQBZAGkAbABkAGkAcgBpAG0ALQBDAG8AbwBwAGUAcgBhAHQAaQBvAG4AIAB3AGkAdABoACAAQwBvAG0AcABsAGUAbQBlAG4AdAAgAGkAcwAgAEIAZQB0AHQAZQByACAALQAtACAAYQByAFgAaQB2AC4AcABkAGYADwAaAAwATQBhAGMAaQBuAHQAbwBzAGgAIABIAEQAEgB8VXNlcnMvYmluZ29sL0RvY3VtZW50cy9CVS9SZXNlYXJjaC9QYXBlci1QdWJsaXNoZWQtSEIvQmluZ29sMjAwOC1ZaWxkaXJpbS1Db29wZXJhdGlvbiB3aXRoIENvbXBsZW1lbnQgaXMgQmV0dGVyIC0tIGFyWGl2LnBkZgATAAEvAAAVAAIADf//AAAACAANABoAJAClAAAAAAAAAgEAAAAAAAAABQAAAAAAAAAAAAAAAAAAAxc=}}

@inproceedings{delipinar2009SRM,
	Author = {Delipinar, Sahin and Bingol, Haluk},
	Booktitle = {International Conference on Complex Sciences},
	Date-Added = {2019-04-08 09:49:50 +0300},
	Date-Modified = {2019-04-08 10:39:26 +0300},
	Keywords = {SM, SRM},
	Organization = {Springer},
	Pages = {1063--1071},
	Title = {Application of SRM to Diverse Populations},
	Year = {2009},
	Bdsk-File-1 = {YnBsaXN0MDDSAQIDBFxyZWxhdGl2ZVBhdGhZYWxpYXNEYXRhXxCNLi4vLi4vLi4vLi4vLi4vRG9jdW1lbnRzL0JVL1Jlc2VhcmNoL1BhcGVyLVB1Ymxpc2hlZC1IQi9CaW5nb2wyMDA5LURlbGlwaW5hci1BcHBsaWNhdGlvbiBvZiBTUk0gdG8gRGl2ZXJzZSBQb3B1bGF0aW9ucyAtIENvbXBsZXggU2NpZW5jZXMucGRmTxECrAAAAAACrAACAAAMTWFjaW50b3NoIEhEAAAAAAAAAAAAAAAAAAAAAAAAAEJEAAH/////H0JpbmdvbDIwMDktRGVsaXBpbiNGRkZGRkZGRi5wZGYAAAAAAAAAAAAAAAAAAAAAAAAAAAAAAAAAAAAAAAAAAP////8AAAAAAAAAAAAAAAAABQAFAAAKIGN1AAAAAAAAAAAAAAAAABJQYXBlci1QdWJsaXNoZWQtSEIAAgCNLzpVc2VyczpiaW5nb2w6RG9jdW1lbnRzOkJVOlJlc2VhcmNoOlBhcGVyLVB1Ymxpc2hlZC1IQjpCaW5nb2wyMDA5LURlbGlwaW5hci1BcHBsaWNhdGlvbiBvZiBTUk0gdG8gRGl2ZXJzZSBQb3B1bGF0aW9ucyAtIENvbXBsZXggU2NpZW5jZXMucGRmAAAOAKwAVQBCAGkAbgBnAG8AbAAyADAAMAA5AC0ARABlAGwAaQBwAGkAbgBhAHIALQBBAHAAcABsAGkAYwBhAHQAaQBvAG4AIABvAGYAIABTAFIATQAgAHQAbwAgAEQAaQB2AGUAcgBzAGUAIABQAG8AcAB1AGwAYQB0AGkAbwBuAHMAIAAtACAAQwBvAG0AcABsAGUAeAAgAFMAYwBpAGUAbgBjAGUAcwAuAHAAZABmAA8AGgAMAE0AYQBjAGkAbgB0AG8AcwBoACAASABEABIAi1VzZXJzL2JpbmdvbC9Eb2N1bWVudHMvQlUvUmVzZWFyY2gvUGFwZXItUHVibGlzaGVkLUhCL0JpbmdvbDIwMDktRGVsaXBpbmFyLUFwcGxpY2F0aW9uIG9mIFNSTSB0byBEaXZlcnNlIFBvcHVsYXRpb25zIC0gQ29tcGxleCBTY2llbmNlcy5wZGYAABMAAS8AABUAAgAN//8AAAAIAA0AGgAkALQAAAAAAAACAQAAAAAAAAAFAAAAAAAAAAAAAAAAAAADZA==}}

@article{bingol2012asymmetries,
	Author = {Bingol, Haluk O and Basar, Omer},
	Date-Added = {2019-04-08 09:45:09 +0300},
	Date-Modified = {2019-04-08 10:38:43 +0300},
	Journal = {arXiv preprint arXiv:1211.1035},
	Keywords = {Gender},
	Title = {Asymmetries of Men and Women in Selecting Partner},
	Year = {2012},
	Bdsk-File-1 = {YnBsaXN0MDDSAQIDBFxyZWxhdGl2ZVBhdGhZYWxpYXNEYXRhXxCHLi4vLi4vLi4vLi4vLi4vRG9jdW1lbnRzL0JVL1Jlc2VhcmNoL1BhcGVyLVB1Ymxpc2hlZC1IQi9CaW5nb2wyMDEyLUJhc2FyLUFzeW1tZXRyaWVzIG9mIE1lbiBhbmQgV29tZW4gaW4gU2VsZWN0aW5nIFBhcnRuZXIgLS0gYXJYaXYucGRmTxEClAAAAAAClAACAAAMTWFjaW50b3NoIEhEAAAAAAAAAAAAAAAAAAAAAAAAAEJEAAH/////H0JpbmdvbDIwMTItQmFzYXItQSNGRkZGRkZGRi5wZGYAAAAAAAAAAAAAAAAAAAAAAAAAAAAAAAAAAAAAAAAAAP////8AAAAAAAAAAAAAAAAABQAFAAAKIGN1AAAAAAAAAAAAAAAAABJQYXBlci1QdWJsaXNoZWQtSEIAAgCHLzpVc2VyczpiaW5nb2w6RG9jdW1lbnRzOkJVOlJlc2VhcmNoOlBhcGVyLVB1Ymxpc2hlZC1IQjpCaW5nb2wyMDEyLUJhc2FyLUFzeW1tZXRyaWVzIG9mIE1lbiBhbmQgV29tZW4gaW4gU2VsZWN0aW5nIFBhcnRuZXIgLS0gYXJYaXYucGRmAAAOAKAATwBCAGkAbgBnAG8AbAAyADAAMQAyAC0AQgBhAHMAYQByAC0AQQBzAHkAbQBtAGUAdAByAGkAZQBzACAAbwBmACAATQBlAG4AIABhAG4AZAAgAFcAbwBtAGUAbgAgAGkAbgAgAFMAZQBsAGUAYwB0AGkAbgBnACAAUABhAHIAdABuAGUAcgAgAC0ALQAgAGEAcgBYAGkAdgAuAHAAZABmAA8AGgAMAE0AYQBjAGkAbgB0AG8AcwBoACAASABEABIAhVVzZXJzL2JpbmdvbC9Eb2N1bWVudHMvQlUvUmVzZWFyY2gvUGFwZXItUHVibGlzaGVkLUhCL0JpbmdvbDIwMTItQmFzYXItQXN5bW1ldHJpZXMgb2YgTWVuIGFuZCBXb21lbiBpbiBTZWxlY3RpbmcgUGFydG5lciAtLSBhclhpdi5wZGYAABMAAS8AABUAAgAN//8AAAAIAA0AGgAkAK4AAAAAAAACAQAAAAAAAAAFAAAAAAAAAAAAAAAAAAADRg==}}

@article{tasgin2012gossip,
	Author = {Tasgin, Mursel and Bingol, Haluk O},
	Date-Added = {2019-04-08 09:44:15 +0300},
	Date-Modified = {2019-04-08 10:38:52 +0300},
	Journal = {Advances in Complex Systems},
	Keywords = {CN},
	Number = {supp01},
	Pages = {1250061},
	Publisher = {World Scientific},
	Title = {Gossip on weighted networks},
	Volume = {15},
	Year = {2012},
	Bdsk-File-1 = {YnBsaXN0MDDSAQIDBFxyZWxhdGl2ZVBhdGhZYWxpYXNEYXRhXxBwLi4vLi4vLi4vLi4vLi4vRG9jdW1lbnRzL0JVL1Jlc2VhcmNoL1BhcGVyLVB1Ymxpc2hlZC1IQi9CaW5nb2wyMDEyLVRhc2dpbi1Hb3NzaXAgb24gV2VpZ2h0ZWQgTmV0d29ya3MgLS0gQUNTLnBkZk8RAjYAAAAAAjYAAgAADE1hY2ludG9zaCBIRAAAAAAAAAAAAAAAAAAAAAAAAABCRAAB/////x9CaW5nb2wyMDEyLVRhc2dpbi0jRkZGRkZGRkYucGRmAAAAAAAAAAAAAAAAAAAAAAAAAAAAAAAAAAAAAAAAAAD/////AAAAAAAAAAAAAAAAAAUABQAACiBjdQAAAAAAAAAAAAAAAAASUGFwZXItUHVibGlzaGVkLUhCAAIAcC86VXNlcnM6YmluZ29sOkRvY3VtZW50czpCVTpSZXNlYXJjaDpQYXBlci1QdWJsaXNoZWQtSEI6QmluZ29sMjAxMi1UYXNnaW4tR29zc2lwIG9uIFdlaWdodGVkIE5ldHdvcmtzIC0tIEFDUy5wZGYADgByADgAQgBpAG4AZwBvAGwAMgAwADEAMgAtAFQAYQBzAGcAaQBuAC0ARwBvAHMAcwBpAHAAIABvAG4AIABXAGUAaQBnAGgAdABlAGQAIABOAGUAdAB3AG8AcgBrAHMAIAAtAC0AIABBAEMAUwAuAHAAZABmAA8AGgAMAE0AYQBjAGkAbgB0AG8AcwBoACAASABEABIAblVzZXJzL2JpbmdvbC9Eb2N1bWVudHMvQlUvUmVzZWFyY2gvUGFwZXItUHVibGlzaGVkLUhCL0JpbmdvbDIwMTItVGFzZ2luLUdvc3NpcCBvbiBXZWlnaHRlZCBOZXR3b3JrcyAtLSBBQ1MucGRmABMAAS8AABUAAgAN//8AAAAIAA0AGgAkAJcAAAAAAAACAQAAAAAAAAAFAAAAAAAAAAAAAAAAAAAC0Q==}}

@article{cetin2014CMP,
	Author = {Uzay Cetin and Haluk O. Bingol},
	Date-Added = {2019-04-08 09:39:09 +0300},
	Date-Modified = {2019-04-08 10:38:09 +0300},
	Journal = {Condensed Matter Physics},
	Keywords = {GT},
	Number = {3},
	Pages = {33001:1-8},
	Title = {Iterated Prisoners Dilemma with limited attention},
	Volume = {17},
	Year = {2014},
	Bdsk-File-1 = {YnBsaXN0MDDSAQIDBFxyZWxhdGl2ZVBhdGhZYWxpYXNEYXRhXxCFLi4vLi4vLi4vLi4vLi4vRG9jdW1lbnRzL0JVL1Jlc2VhcmNoL1BhcGVyLVB1Ymxpc2hlZC1IQi9CaW5nb2wyMDE0LUNldGluLUl0ZXJhdGVkIFByaXNvbmVycyBEaWxlbW1hIHdpdGggbGltaXRlZCBhdHRlbnRpb24gLS0gQ01QLnBkZk8RAowAAAAAAowAAgAADE1hY2ludG9zaCBIRAAAAAAAAAAAAAAAAAAAAAAAAABCRAAB/////x9CaW5nb2wyMDE0LUNldGluLUkjRkZGRkZGRkYucGRmAAAAAAAAAAAAAAAAAAAAAAAAAAAAAAAAAAAAAAAAAAD/////AAAAAAAAAAAAAAAAAAUABQAACiBjdQAAAAAAAAAAAAAAAAASUGFwZXItUHVibGlzaGVkLUhCAAIAhS86VXNlcnM6YmluZ29sOkRvY3VtZW50czpCVTpSZXNlYXJjaDpQYXBlci1QdWJsaXNoZWQtSEI6QmluZ29sMjAxNC1DZXRpbi1JdGVyYXRlZCBQcmlzb25lcnMgRGlsZW1tYSB3aXRoIGxpbWl0ZWQgYXR0ZW50aW9uIC0tIENNUC5wZGYAAA4AnABNAEIAaQBuAGcAbwBsADIAMAAxADQALQBDAGUAdABpAG4ALQBJAHQAZQByAGEAdABlAGQAIABQAHIAaQBzAG8AbgBlAHIAcwAgAEQAaQBsAGUAbQBtAGEAIAB3AGkAdABoACAAbABpAG0AaQB0AGUAZAAgAGEAdAB0AGUAbgB0AGkAbwBuACAALQAtACAAQwBNAFAALgBwAGQAZgAPABoADABNAGEAYwBpAG4AdABvAHMAaAAgAEgARAASAINVc2Vycy9iaW5nb2wvRG9jdW1lbnRzL0JVL1Jlc2VhcmNoL1BhcGVyLVB1Ymxpc2hlZC1IQi9CaW5nb2wyMDE0LUNldGluLUl0ZXJhdGVkIFByaXNvbmVycyBEaWxlbW1hIHdpdGggbGltaXRlZCBhdHRlbnRpb24gLS0gQ01QLnBkZgAAEwABLwAAFQACAA3//wAAAAgADQAaACQArAAAAAAAAAIBAAAAAAAAAAUAAAAAAAAAAAAAAAAAAAM8}}

@article{version20190408,
	Author = {Bingol, Haluk O},
	Date-Added = {2019-04-08 07:44:24 +0300},
	Date-Modified = {2019-04-08 07:45:48 +0300},
	Journal = {version},
	Title = {version},
	Year = {0001}}

@inproceedings{ozgur2004LNCS,
	Author = {{\"O}zg{\"u}r, Arzucan and Bingol, Haluk},
	Booktitle = {International Symposium on Computer and Information Sciences},
	Date-Added = {2019-04-08 07:14:58 +0300},
	Date-Modified = {2019-04-08 10:41:58 +0300},
	Keywords = {CN},
	Organization = {Springer},
	Pages = {688--695},
	Title = {Social network of co-occurrence in news articles},
	Year = {2004},
	Bdsk-File-1 = {YnBsaXN0MDDSAQIDBFxyZWxhdGl2ZVBhdGhZYWxpYXNEYXRhXxCFLi4vLi4vLi4vLi4vLi4vRG9jdW1lbnRzL0JVL1Jlc2VhcmNoL1BhcGVyLVB1Ymxpc2hlZC1IQi9CaW5nb2wyMDA0LU96Z3VyLVNvY2lhbCBOZXR3b3JrIG9mIENvLW9jY3VycmVuY2UgaW4gTmV3cyBBcnRpY2xlcyAtLSBMTkNTLnBkZk8RAowAAAAAAowAAgAADE1hY2ludG9zaCBIRAAAAAAAAAAAAAAAAAAAAAAAAABCRAAB/////x9CaW5nb2wyMDA0LU96Z3VyLVMjRkZGRkZGRkYucGRmAAAAAAAAAAAAAAAAAAAAAAAAAAAAAAAAAAAAAAAAAAD/////AAAAAAAAAAAAAAAAAAUABQAACiBjdQAAAAAAAAAAAAAAAAASUGFwZXItUHVibGlzaGVkLUhCAAIAhS86VXNlcnM6YmluZ29sOkRvY3VtZW50czpCVTpSZXNlYXJjaDpQYXBlci1QdWJsaXNoZWQtSEI6QmluZ29sMjAwNC1Pemd1ci1Tb2NpYWwgTmV0d29yayBvZiBDby1vY2N1cnJlbmNlIGluIE5ld3MgQXJ0aWNsZXMgLS0gTE5DUy5wZGYAAA4AnABNAEIAaQBuAGcAbwBsADIAMAAwADQALQBPAHoAZwB1AHIALQBTAG8AYwBpAGEAbAAgAE4AZQB0AHcAbwByAGsAIABvAGYAIABDAG8ALQBvAGMAYwB1AHIAcgBlAG4AYwBlACAAaQBuACAATgBlAHcAcwAgAEEAcgB0AGkAYwBsAGUAcwAgAC0ALQAgAEwATgBDAFMALgBwAGQAZgAPABoADABNAGEAYwBpAG4AdABvAHMAaAAgAEgARAASAINVc2Vycy9iaW5nb2wvRG9jdW1lbnRzL0JVL1Jlc2VhcmNoL1BhcGVyLVB1Ymxpc2hlZC1IQi9CaW5nb2wyMDA0LU96Z3VyLVNvY2lhbCBOZXR3b3JrIG9mIENvLW9jY3VycmVuY2UgaW4gTmV3cyBBcnRpY2xlcyAtLSBMTkNTLnBkZgAAEwABLwAAFQACAA3//wAAAAgADQAaACQArAAAAAAAAAIBAAAAAAAAAAUAAAAAAAAAAAAAAAAAAAM8}}

@inproceedings{bingol2005LNCS,
	Author = {Bingol, Haluk},
	Booktitle = {International Symposium on Computer and Information Sciences},
	Date-Added = {2019-04-08 07:14:29 +0300},
	Date-Modified = {2019-04-08 10:41:50 +0300},
	Keywords = {SM, SRM},
	Organization = {Springer},
	Pages = {294--303},
	Title = {Fame as an effect of the memory size},
	Year = {2005},
	Bdsk-File-1 = {YnBsaXN0MDDSAQIDBFxyZWxhdGl2ZVBhdGhZYWxpYXNEYXRhXxB6Li4vLi4vLi4vLi4vLi4vRG9jdW1lbnRzL0JVL1Jlc2VhcmNoL1BhcGVyLVB1Ymxpc2hlZC1IQi9CaW5nb2wyMDA1LUJpbmdvbC1GYW1lIGFzIGFuIGVmZmVjdCBvZiB0aGUgbWVtb3J5IHNpemUgLS0gTE5DUy5wZGZPEQJeAAAAAAJeAAIAAAxNYWNpbnRvc2ggSEQAAAAAAAAAAAAAAAAAAAAAAAAAQkQAAf////8fQmluZ29sMjAwNS1CaW5nb2wtI0ZGRkZGRkZGLnBkZgAAAAAAAAAAAAAAAAAAAAAAAAAAAAAAAAAAAAAAAAAA/////wAAAAAAAAAAAAAAAAAFAAUAAAogY3UAAAAAAAAAAAAAAAAAElBhcGVyLVB1Ymxpc2hlZC1IQgACAHovOlVzZXJzOmJpbmdvbDpEb2N1bWVudHM6QlU6UmVzZWFyY2g6UGFwZXItUHVibGlzaGVkLUhCOkJpbmdvbDIwMDUtQmluZ29sLUZhbWUgYXMgYW4gZWZmZWN0IG9mIHRoZSBtZW1vcnkgc2l6ZSAtLSBMTkNTLnBkZgAOAIYAQgBCAGkAbgBnAG8AbAAyADAAMAA1AC0AQgBpAG4AZwBvAGwALQBGAGEAbQBlACAAYQBzACAAYQBuACAAZQBmAGYAZQBjAHQAIABvAGYAIAB0AGgAZQAgAG0AZQBtAG8AcgB5ACAAcwBpAHoAZQAgAC0ALQAgAEwATgBDAFMALgBwAGQAZgAPABoADABNAGEAYwBpAG4AdABvAHMAaAAgAEgARAASAHhVc2Vycy9iaW5nb2wvRG9jdW1lbnRzL0JVL1Jlc2VhcmNoL1BhcGVyLVB1Ymxpc2hlZC1IQi9CaW5nb2wyMDA1LUJpbmdvbC1GYW1lIGFzIGFuIGVmZmVjdCBvZiB0aGUgbWVtb3J5IHNpemUgLS0gTE5DUy5wZGYAEwABLwAAFQACAA3//wAAAAgADQAaACQAoQAAAAAAAAIBAAAAAAAAAAUAAAAAAAAAAAAAAAAAAAMD}}

@inproceedings{acar2006focus,
	Author = {Acar, Evrim and Bingol, Canan A and Bingol, Haluk and Yener, B{\"u}lent},
	Booktitle = {Proc. of The Fourth IASTED International Conference on Biomedical Engineering},
	Date-Added = {2019-04-08 07:13:50 +0300},
	Date-Modified = {2019-04-08 10:41:18 +0300},
	Keywords = {Epilepsy},
	Pages = {317},
	Title = {Computational analysis of epileptic focus localization},
	Year = {2006},
	Bdsk-File-1 = {YnBsaXN0MDDSAQIDBFxyZWxhdGl2ZVBhdGhZYWxpYXNEYXRhXxCOLi4vLi4vLi4vLi4vLi4vRG9jdW1lbnRzL0JVL1Jlc2VhcmNoL1BhcGVyLVB1Ymxpc2hlZC1IQi9CaW5nb2wyMDA2LUFjYXItQ29tcHV0YXRpb25hbCBhbmFseXNpcyBvZiBlcGlsZXB0aWMgZm9jdXMgbG9jYWxpemF0aW9uIC0tIElBU1RFRDA2LnBkZk8RAq4AAAAAAq4AAgAADE1hY2ludG9zaCBIRAAAAAAAAAAAAAAAAAAAAAAAAABCRAAB/////x9CaW5nb2wyMDA2LUFjYXItQ28jRkZGRkZGRkYucGRmAAAAAAAAAAAAAAAAAAAAAAAAAAAAAAAAAAAAAAAAAAD/////AAAAAAAAAAAAAAAAAAUABQAACiBjdQAAAAAAAAAAAAAAAAASUGFwZXItUHVibGlzaGVkLUhCAAIAji86VXNlcnM6YmluZ29sOkRvY3VtZW50czpCVTpSZXNlYXJjaDpQYXBlci1QdWJsaXNoZWQtSEI6QmluZ29sMjAwNi1BY2FyLUNvbXB1dGF0aW9uYWwgYW5hbHlzaXMgb2YgZXBpbGVwdGljIGZvY3VzIGxvY2FsaXphdGlvbiAtLSBJQVNURUQwNi5wZGYADgCuAFYAQgBpAG4AZwBvAGwAMgAwADAANgAtAEEAYwBhAHIALQBDAG8AbQBwAHUAdABhAHQAaQBvAG4AYQBsACAAYQBuAGEAbAB5AHMAaQBzACAAbwBmACAAZQBwAGkAbABlAHAAdABpAGMAIABmAG8AYwB1AHMAIABsAG8AYwBhAGwAaQB6AGEAdABpAG8AbgAgAC0ALQAgAEkAQQBTAFQARQBEADAANgAuAHAAZABmAA8AGgAMAE0AYQBjAGkAbgB0AG8AcwBoACAASABEABIAjFVzZXJzL2JpbmdvbC9Eb2N1bWVudHMvQlUvUmVzZWFyY2gvUGFwZXItUHVibGlzaGVkLUhCL0JpbmdvbDIwMDYtQWNhci1Db21wdXRhdGlvbmFsIGFuYWx5c2lzIG9mIGVwaWxlcHRpYyBmb2N1cyBsb2NhbGl6YXRpb24gLS0gSUFTVEVEMDYucGRmABMAAS8AABUAAgAN//8AAAAIAA0AGgAkALUAAAAAAAACAQAAAAAAAAAFAAAAAAAAAAAAAAAAAAADZw==}}

@article{tasgin2007CDGenetic,
	Author = {Tasgin, Mursel and Herdagdelen, Amac and Bingol, Haluk},
	Date-Added = {2019-04-08 07:11:56 +0300},
	Date-Modified = {2019-04-08 10:41:07 +0300},
	Journal = {arXiv preprint arXiv:0711.0491},
	Keywords = {CD, CN},
	Title = {Community detection in complex networks using genetic algorithms},
	Year = {2007},
	Bdsk-File-1 = {YnBsaXN0MDDSAQIDBFxyZWxhdGl2ZVBhdGhZYWxpYXNEYXRhXxCXLi4vLi4vLi4vLi4vLi4vRG9jdW1lbnRzL0JVL1Jlc2VhcmNoL1BhcGVyLVB1Ymxpc2hlZC1IQi9CaW5nb2wyMDA3LVRhc2dpbi1Db21tdW5pdHkgRGV0ZWN0aW9uIGluIENvbXBsZXggTmV0d29ya3MgVXNpbmcgR2VuZXRpYyBBbGdvcml0aG1zIC0tIGFyWGl2LnBkZk8RAtQAAAAAAtQAAgAADE1hY2ludG9zaCBIRAAAAAAAAAAAAAAAAAAAAAAAAABCRAAB/////x9CaW5nb2wyMDA3LVRhc2dpbi0jRkZGRkZGRkYucGRmAAAAAAAAAAAAAAAAAAAAAAAAAAAAAAAAAAAAAAAAAAD/////AAAAAAAAAAAAAAAAAAUABQAACiBjdQAAAAAAAAAAAAAAAAASUGFwZXItUHVibGlzaGVkLUhCAAIAly86VXNlcnM6YmluZ29sOkRvY3VtZW50czpCVTpSZXNlYXJjaDpQYXBlci1QdWJsaXNoZWQtSEI6QmluZ29sMjAwNy1UYXNnaW4tQ29tbXVuaXR5IERldGVjdGlvbiBpbiBDb21wbGV4IE5ldHdvcmtzIFVzaW5nIEdlbmV0aWMgQWxnb3JpdGhtcyAtLSBhclhpdi5wZGYAAA4AwABfAEIAaQBuAGcAbwBsADIAMAAwADcALQBUAGEAcwBnAGkAbgAtAEMAbwBtAG0AdQBuAGkAdAB5ACAARABlAHQAZQBjAHQAaQBvAG4AIABpAG4AIABDAG8AbQBwAGwAZQB4ACAATgBlAHQAdwBvAHIAawBzACAAVQBzAGkAbgBnACAARwBlAG4AZQB0AGkAYwAgAEEAbABnAG8AcgBpAHQAaABtAHMAIAAtAC0AIABhAHIAWABpAHYALgBwAGQAZgAPABoADABNAGEAYwBpAG4AdABvAHMAaAAgAEgARAASAJVVc2Vycy9iaW5nb2wvRG9jdW1lbnRzL0JVL1Jlc2VhcmNoL1BhcGVyLVB1Ymxpc2hlZC1IQi9CaW5nb2wyMDA3LVRhc2dpbi1Db21tdW5pdHkgRGV0ZWN0aW9uIGluIENvbXBsZXggTmV0d29ya3MgVXNpbmcgR2VuZXRpYyBBbGdvcml0aG1zIC0tIGFyWGl2LnBkZgAAEwABLwAAFQACAA3//wAAAAgADQAaACQAvgAAAAAAAAIBAAAAAAAAAAUAAAAAAAAAAAAAAAAAAAOW}}

@article{gunes2006CD,
	Author = {Gunes, Ismail and Bingol, Haluk},
	Date-Added = {2019-04-08 07:11:16 +0300},
	Date-Modified = {2019-04-08 10:41:25 +0300},
	Journal = {arXiv preprint cs/0610129},
	Keywords = {CD, CN},
	Title = {Community detection in complex networks using agents},
	Year = {2006},
	Bdsk-File-1 = {YnBsaXN0MDDSAQIDBFxyZWxhdGl2ZVBhdGhZYWxpYXNEYXRhXxCKLi4vLi4vLi4vLi4vLi4vRG9jdW1lbnRzL0JVL1Jlc2VhcmNoL1BhcGVyLVB1Ymxpc2hlZC1IQi9CaW5nb2wyMDA2LUd1bmVzLUNvbW11bml0eSBEZXRlY3Rpb24gaW4gQ29tcGxleCBOZXR3b3JrcyBVc2luZyBBZ2VudHMgLS0gYXJYaXYucGRmTxECngAAAAACngACAAAMTWFjaW50b3NoIEhEAAAAAAAAAAAAAAAAAAAAAAAAAEJEAAH/////H0JpbmdvbDIwMDYtR3VuZXMtQyNGRkZGRkZGRi5wZGYAAAAAAAAAAAAAAAAAAAAAAAAAAAAAAAAAAAAAAAAAAP////8AAAAAAAAAAAAAAAAABQAFAAAKIGN1AAAAAAAAAAAAAAAAABJQYXBlci1QdWJsaXNoZWQtSEIAAgCKLzpVc2VyczpiaW5nb2w6RG9jdW1lbnRzOkJVOlJlc2VhcmNoOlBhcGVyLVB1Ymxpc2hlZC1IQjpCaW5nb2wyMDA2LUd1bmVzLUNvbW11bml0eSBEZXRlY3Rpb24gaW4gQ29tcGxleCBOZXR3b3JrcyBVc2luZyBBZ2VudHMgLS0gYXJYaXYucGRmAA4ApgBSAEIAaQBuAGcAbwBsADIAMAAwADYALQBHAHUAbgBlAHMALQBDAG8AbQBtAHUAbgBpAHQAeQAgAEQAZQB0AGUAYwB0AGkAbwBuACAAaQBuACAAQwBvAG0AcABsAGUAeAAgAE4AZQB0AHcAbwByAGsAcwAgAFUAcwBpAG4AZwAgAEEAZwBlAG4AdABzACAALQAtACAAYQByAFgAaQB2AC4AcABkAGYADwAaAAwATQBhAGMAaQBuAHQAbwBzAGgAIABIAEQAEgCIVXNlcnMvYmluZ29sL0RvY3VtZW50cy9CVS9SZXNlYXJjaC9QYXBlci1QdWJsaXNoZWQtSEIvQmluZ29sMjAwNi1HdW5lcy1Db21tdW5pdHkgRGV0ZWN0aW9uIGluIENvbXBsZXggTmV0d29ya3MgVXNpbmcgQWdlbnRzIC0tIGFyWGl2LnBkZgATAAEvAAAVAAIADf//AAAACAANABoAJACxAAAAAAAAAgEAAAAAAAAABQAAAAAAAAAAAAAAAAAAA1M=}}

@article{cetin2014PRE,
	Author = {Cetin, Uzay and Bingol, Haluk O},
	Date-Added = {2019-04-08 06:42:26 +0300},
	Date-Modified = {2019-04-08 10:38:22 +0300},
	Journal = {Physical Review E},
	Keywords = {SM},
	Number = {3},
	Pages = {032801},
	Publisher = {APS},
	Title = {Attention competition with advertisement},
	Volume = {90},
	Year = {2014},
	Bdsk-File-1 = {YnBsaXN0MDDSAQIDBFxyZWxhdGl2ZVBhdGhZYWxpYXNEYXRhXxB8Li4vLi4vLi4vLi4vLi4vRG9jdW1lbnRzL0JVL1Jlc2VhcmNoL1BhcGVyLVB1Ymxpc2hlZC1IQi9CaW5nb2wyMDE0LUNldGluLUF0dGVudGlvbiBjb21wZXRpdGlvbiB3aXRoIGFkdmVydGlzZW1lbnQgLS0gUFJFLnBkZk8RAmYAAAAAAmYAAgAADE1hY2ludG9zaCBIRAAAAAAAAAAAAAAAAAAAAAAAAABCRAAB/////x9CaW5nb2wyMDE0LUNldGluLUEjRkZGRkZGRkYucGRmAAAAAAAAAAAAAAAAAAAAAAAAAAAAAAAAAAAAAAAAAAD/////AAAAAAAAAAAAAAAAAAUABQAACiBjdQAAAAAAAAAAAAAAAAASUGFwZXItUHVibGlzaGVkLUhCAAIAfC86VXNlcnM6YmluZ29sOkRvY3VtZW50czpCVTpSZXNlYXJjaDpQYXBlci1QdWJsaXNoZWQtSEI6QmluZ29sMjAxNC1DZXRpbi1BdHRlbnRpb24gY29tcGV0aXRpb24gd2l0aCBhZHZlcnRpc2VtZW50IC0tIFBSRS5wZGYADgCKAEQAQgBpAG4AZwBvAGwAMgAwADEANAAtAEMAZQB0AGkAbgAtAEEAdAB0AGUAbgB0AGkAbwBuACAAYwBvAG0AcABlAHQAaQB0AGkAbwBuACAAdwBpAHQAaAAgAGEAZAB2AGUAcgB0AGkAcwBlAG0AZQBuAHQAIAAtAC0AIABQAFIARQAuAHAAZABmAA8AGgAMAE0AYQBjAGkAbgB0AG8AcwBoACAASABEABIAelVzZXJzL2JpbmdvbC9Eb2N1bWVudHMvQlUvUmVzZWFyY2gvUGFwZXItUHVibGlzaGVkLUhCL0JpbmdvbDIwMTQtQ2V0aW4tQXR0ZW50aW9uIGNvbXBldGl0aW9uIHdpdGggYWR2ZXJ0aXNlbWVudCAtLSBQUkUucGRmABMAAS8AABUAAgAN//8AAAAIAA0AGgAkAKMAAAAAAAACAQAAAAAAAAAFAAAAAAAAAAAAAAAAAAADDQ==}}

@inproceedings{dhulekar2014epilepsy,
	Author = {Dhulekar, Nimit and Oztan, Basak and Yener, B{\"u}lent and Bingol, Haluk O and Irim, Gulcin and Aktekin, Berrin and Aykut-Bing{\"o}l, Canan},
	Booktitle = {Proceedings of the 5th ACM Conference on Bioinformatics, Computational Biology, and Health Informatics},
	Date-Added = {2019-04-08 06:41:45 +0300},
	Date-Modified = {2019-04-08 10:38:35 +0300},
	Keywords = {Epilepsy},
	Organization = {ACM},
	Pages = {155--163},
	Title = {Graph-theoretic analysis of epileptic seizures on scalp EEG recordings},
	Year = {2014},
	Bdsk-File-1 = {YnBsaXN0MDDSAQIDBFxyZWxhdGl2ZVBhdGhZYWxpYXNEYXRhXxCfLi4vLi4vLi4vLi4vLi4vRG9jdW1lbnRzL0JVL1Jlc2VhcmNoL1BhcGVyLVB1Ymxpc2hlZC1IQi9CaW5nb2wyMDE0LURodWxla2FyLUdyYXBoLVRoZW9yZXRpYyBBbmFseXNpcyBvZiBFcGlsZXB0aWMgU2VpenVyZXMgb24gU2NhbHAgRUVHIFJlY29yZGluZ3MgLS0gQkNCMTQucGRmTxEC9AAAAAAC9AACAAAMTWFjaW50b3NoIEhEAAAAAAAAAAAAAAAAAAAAAAAAAEJEAAH/////H0JpbmdvbDIwMTQtRGh1bGVrYSNGRkZGRkZGRi5wZGYAAAAAAAAAAAAAAAAAAAAAAAAAAAAAAAAAAAAAAAAAAP////8AAAAAAAAAAAAAAAAABQAFAAAKIGN1AAAAAAAAAAAAAAAAABJQYXBlci1QdWJsaXNoZWQtSEIAAgCfLzpVc2VyczpiaW5nb2w6RG9jdW1lbnRzOkJVOlJlc2VhcmNoOlBhcGVyLVB1Ymxpc2hlZC1IQjpCaW5nb2wyMDE0LURodWxla2FyLUdyYXBoLVRoZW9yZXRpYyBBbmFseXNpcyBvZiBFcGlsZXB0aWMgU2VpenVyZXMgb24gU2NhbHAgRUVHIFJlY29yZGluZ3MgLS0gQkNCMTQucGRmAAAOANAAZwBCAGkAbgBnAG8AbAAyADAAMQA0AC0ARABoAHUAbABlAGsAYQByAC0ARwByAGEAcABoAC0AVABoAGUAbwByAGUAdABpAGMAIABBAG4AYQBsAHkAcwBpAHMAIABvAGYAIABFAHAAaQBsAGUAcAB0AGkAYwAgAFMAZQBpAHoAdQByAGUAcwAgAG8AbgAgAFMAYwBhAGwAcAAgAEUARQBHACAAUgBlAGMAbwByAGQAaQBuAGcAcwAgAC0ALQAgAEIAQwBCADEANAAuAHAAZABmAA8AGgAMAE0AYQBjAGkAbgB0AG8AcwBoACAASABEABIAnVVzZXJzL2JpbmdvbC9Eb2N1bWVudHMvQlUvUmVzZWFyY2gvUGFwZXItUHVibGlzaGVkLUhCL0JpbmdvbDIwMTQtRGh1bGVrYXItR3JhcGgtVGhlb3JldGljIEFuYWx5c2lzIG9mIEVwaWxlcHRpYyBTZWl6dXJlcyBvbiBTY2FscCBFRUcgUmVjb3JkaW5ncyAtLSBCQ0IxNC5wZGYAABMAAS8AABUAAgAN//8AAAAIAA0AGgAkAMYAAAAAAAACAQAAAAAAAAAFAAAAAAAAAAAAAAAAAAADvg==}}

@article{cetin2016ACS,
	Author = {Cetin, Uzay and Bingol, Haluk O},
	Date-Added = {2019-04-08 06:40:53 +0300},
	Date-Modified = {2019-04-08 10:37:43 +0300},
	Journal = {Advances in Complex Systems},
	Keywords = {GT},
	Number = {08},
	Pages = {1650015},
	Publisher = {World Scientific},
	Title = {The dose of the threat makes the resistance for cooperation},
	Volume = {19},
	Year = {2016},
	Bdsk-File-1 = {YnBsaXN0MDDSAQIDBFxyZWxhdGl2ZVBhdGhZYWxpYXNEYXRhXxCNLi4vLi4vLi4vLi4vLi4vRG9jdW1lbnRzL0JVL1Jlc2VhcmNoL1BhcGVyLVB1Ymxpc2hlZC1IQi9CaW5nb2wyMDE2LUNldGluLVRoZSBkb3NlIG9mIHRoZSB0aHJlYXQgbWFrZXMgdGhlIHJlc2lzdGFuY2UgZm9yIGNvb3BlcmF0aW9uLS1BQ1MucGRmTxECrAAAAAACrAACAAAMTWFjaW50b3NoIEhEAAAAAAAAAAAAAAAAAAAAAAAAAEJEAAH/////H0JpbmdvbDIwMTYtQ2V0aW4tVCNGRkZGRkZGRi5wZGYAAAAAAAAAAAAAAAAAAAAAAAAAAAAAAAAAAAAAAAAAAP////8AAAAAAAAAAAAAAAAABQAFAAAKIGN1AAAAAAAAAAAAAAAAABJQYXBlci1QdWJsaXNoZWQtSEIAAgCNLzpVc2VyczpiaW5nb2w6RG9jdW1lbnRzOkJVOlJlc2VhcmNoOlBhcGVyLVB1Ymxpc2hlZC1IQjpCaW5nb2wyMDE2LUNldGluLVRoZSBkb3NlIG9mIHRoZSB0aHJlYXQgbWFrZXMgdGhlIHJlc2lzdGFuY2UgZm9yIGNvb3BlcmF0aW9uLS1BQ1MucGRmAAAOAKwAVQBCAGkAbgBnAG8AbAAyADAAMQA2AC0AQwBlAHQAaQBuAC0AVABoAGUAIABkAG8AcwBlACAAbwBmACAAdABoAGUAIAB0AGgAcgBlAGEAdAAgAG0AYQBrAGUAcwAgAHQAaABlACAAcgBlAHMAaQBzAHQAYQBuAGMAZQAgAGYAbwByACAAYwBvAG8AcABlAHIAYQB0AGkAbwBuAC0ALQBBAEMAUwAuAHAAZABmAA8AGgAMAE0AYQBjAGkAbgB0AG8AcwBoACAASABEABIAi1VzZXJzL2JpbmdvbC9Eb2N1bWVudHMvQlUvUmVzZWFyY2gvUGFwZXItUHVibGlzaGVkLUhCL0JpbmdvbDIwMTYtQ2V0aW4tVGhlIGRvc2Ugb2YgdGhlIHRocmVhdCBtYWtlcyB0aGUgcmVzaXN0YW5jZSBmb3IgY29vcGVyYXRpb24tLUFDUy5wZGYAABMAAS8AABUAAgAN//8AAAAIAA0AGgAkALQAAAAAAAACAQAAAAAAAAAFAAAAAAAAAAAAAAAAAAADZA==}}

@article{bingol2016Compatibility,
	Author = {Bingol, Haluk O and Basar, Omer},
	Date-Added = {2019-04-08 06:39:19 +0300},
	Date-Modified = {2019-04-08 12:12:01 +0300},
	Journal = {arXiv preprint arXiv:1604.04783},
	Keywords = {Gender},
	Title = {Compatibility of mating preferences},
	Year = {2016},
	Bdsk-File-1 = {YnBsaXN0MDDSAQIDBFxyZWxhdGl2ZVBhdGhZYWxpYXNEYXRhXxB5Li4vLi4vLi4vLi4vLi4vRG9jdW1lbnRzL0JVL1Jlc2VhcmNoL1BhcGVyLVB1Ymxpc2hlZC1IQi9CaW5nb2wyMDE2LUJhc2FyLUNvbXBhdGliaWxpdHkgb2YgTWF0aW5nIFByZWZlcmVuY2VzIC0tIGFyWGl2LnBkZk8RAlwAAAAAAlwAAgAADE1hY2ludG9zaCBIRAAAAAAAAAAAAAAAAAAAAAAAAABCRAAB/////x9CaW5nb2wyMDE2LUJhc2FyLUMjRkZGRkZGRkYucGRmAAAAAAAAAAAAAAAAAAAAAAAAAAAAAAAAAAAAAAAAAAD/////AAAAAAAAAAAAAAAAAAUABQAACiBjdQAAAAAAAAAAAAAAAAASUGFwZXItUHVibGlzaGVkLUhCAAIAeS86VXNlcnM6YmluZ29sOkRvY3VtZW50czpCVTpSZXNlYXJjaDpQYXBlci1QdWJsaXNoZWQtSEI6QmluZ29sMjAxNi1CYXNhci1Db21wYXRpYmlsaXR5IG9mIE1hdGluZyBQcmVmZXJlbmNlcyAtLSBhclhpdi5wZGYAAA4AhABBAEIAaQBuAGcAbwBsADIAMAAxADYALQBCAGEAcwBhAHIALQBDAG8AbQBwAGEAdABpAGIAaQBsAGkAdAB5ACAAbwBmACAATQBhAHQAaQBuAGcAIABQAHIAZQBmAGUAcgBlAG4AYwBlAHMAIAAtAC0AIABhAHIAWABpAHYALgBwAGQAZgAPABoADABNAGEAYwBpAG4AdABvAHMAaAAgAEgARAASAHdVc2Vycy9iaW5nb2wvRG9jdW1lbnRzL0JVL1Jlc2VhcmNoL1BhcGVyLVB1Ymxpc2hlZC1IQi9CaW5nb2wyMDE2LUJhc2FyLUNvbXBhdGliaWxpdHkgb2YgTWF0aW5nIFByZWZlcmVuY2VzIC0tIGFyWGl2LnBkZgAAEwABLwAAFQACAA3//wAAAAgADQAaACQAoAAAAAAAAAIBAAAAAAAAAAUAAAAAAAAAAAAAAAAAAAMA}}

@article{erenel2016accelerometer,
	Author = {Erenel, Dogukan and Bingol, Haluk O},
	Date-Added = {2019-04-08 06:38:11 +0300},
	Date-Modified = {2019-04-08 10:38:01 +0300},
	Journal = {arXiv preprint arXiv:1604.07660},
	Keywords = {Mobile},
	Title = {An accelerometer based calculator for visually impaired people using mobile devices},
	Year = {2016},
	Bdsk-File-1 = {YnBsaXN0MDDSAQIDBFxyZWxhdGl2ZVBhdGhZYWxpYXNEYXRhXxCqLi4vLi4vLi4vLi4vLi4vRG9jdW1lbnRzL0JVL1Jlc2VhcmNoL1BhcGVyLVB1Ymxpc2hlZC1IQi9CaW5nb2wyMDE2LUVyZW5lbC1BbiBBY2NlbGVyb21ldGVyIEJhc2VkIENhbGN1bGF0b3IgZm9yIFZpc3VhbGx5IEltcGFpcmVkIFBlb3BsZSBVc2luZyBNb2JpbGUgRGV2aWNlcyAtLSBhclhpdi5wZGZPEQMeAAAAAAMeAAIAAAxNYWNpbnRvc2ggSEQAAAAAAAAAAAAAAAAAAAAAAAAAQkQAAf////8fQmluZ29sMjAxNi1FcmVuZWwtI0ZGRkZGRkZGLnBkZgAAAAAAAAAAAAAAAAAAAAAAAAAAAAAAAAAAAAAAAAAA/////wAAAAAAAAAAAAAAAAAFAAUAAAogY3UAAAAAAAAAAAAAAAAAElBhcGVyLVB1Ymxpc2hlZC1IQgACAKovOlVzZXJzOmJpbmdvbDpEb2N1bWVudHM6QlU6UmVzZWFyY2g6UGFwZXItUHVibGlzaGVkLUhCOkJpbmdvbDIwMTYtRXJlbmVsLUFuIEFjY2VsZXJvbWV0ZXIgQmFzZWQgQ2FsY3VsYXRvciBmb3IgVmlzdWFsbHkgSW1wYWlyZWQgUGVvcGxlIFVzaW5nIE1vYmlsZSBEZXZpY2VzIC0tIGFyWGl2LnBkZgAOAOYAcgBCAGkAbgBnAG8AbAAyADAAMQA2AC0ARQByAGUAbgBlAGwALQBBAG4AIABBAGMAYwBlAGwAZQByAG8AbQBlAHQAZQByACAAQgBhAHMAZQBkACAAQwBhAGwAYwB1AGwAYQB0AG8AcgAgAGYAbwByACAAVgBpAHMAdQBhAGwAbAB5ACAASQBtAHAAYQBpAHIAZQBkACAAUABlAG8AcABsAGUAIABVAHMAaQBuAGcAIABNAG8AYgBpAGwAZQAgAEQAZQB2AGkAYwBlAHMAIAAtAC0AIABhAHIAWABpAHYALgBwAGQAZgAPABoADABNAGEAYwBpAG4AdABvAHMAaAAgAEgARAASAKhVc2Vycy9iaW5nb2wvRG9jdW1lbnRzL0JVL1Jlc2VhcmNoL1BhcGVyLVB1Ymxpc2hlZC1IQi9CaW5nb2wyMDE2LUVyZW5lbC1BbiBBY2NlbGVyb21ldGVyIEJhc2VkIENhbGN1bGF0b3IgZm9yIFZpc3VhbGx5IEltcGFpcmVkIFBlb3BsZSBVc2luZyBNb2JpbGUgRGV2aWNlcyAtLSBhclhpdi5wZGYAEwABLwAAFQACAA3//wAAAAgADQAaACQA0QAAAAAAAAIBAAAAAAAAAAUAAAAAAAAAAAAAAAAAAAPz}}

@article{doslu2016search,
	Author = {Doslu, Metin and Bingol, Haluk O},
	Date-Added = {2019-04-08 06:37:22 +0300},
	Date-Modified = {2019-04-08 10:37:53 +0300},
	Journal = {Scientometrics},
	Keywords = {Search},
	Number = {2},
	Pages = {653--671},
	Publisher = {Springer},
	Title = {Context sensitive article ranking with citation context analysis},
	Volume = {108},
	Year = {2016},
	Bdsk-File-1 = {YnBsaXN0MDDSAQIDBFxyZWxhdGl2ZVBhdGhZYWxpYXNEYXRhXxCdLi4vLi4vLi4vLi4vLi4vRG9jdW1lbnRzL0JVL1Jlc2VhcmNoL1BhcGVyLVB1Ymxpc2hlZC1IQi9CaW5nb2wyMDE2LURvc2x1LUNvbnRleHQgc2Vuc2l0aXZlIGFydGljbGUgcmFua2luZyB3aXRoIGNpdGF0aW9uIGNvbnRleHQgYW5hbHlzaXMtLVNjaWVudG9tZXRyaWNzLnBkZk8RAuwAAAAAAuwAAgAADE1hY2ludG9zaCBIRAAAAAAAAAAAAAAAAAAAAAAAAABCRAAB/////x9CaW5nb2wyMDE2LURvc2x1LUMjRkZGRkZGRkYucGRmAAAAAAAAAAAAAAAAAAAAAAAAAAAAAAAAAAAAAAAAAAD/////AAAAAAAAAAAAAAAAAAUABQAACiBjdQAAAAAAAAAAAAAAAAASUGFwZXItUHVibGlzaGVkLUhCAAIAnS86VXNlcnM6YmluZ29sOkRvY3VtZW50czpCVTpSZXNlYXJjaDpQYXBlci1QdWJsaXNoZWQtSEI6QmluZ29sMjAxNi1Eb3NsdS1Db250ZXh0IHNlbnNpdGl2ZSBhcnRpY2xlIHJhbmtpbmcgd2l0aCBjaXRhdGlvbiBjb250ZXh0IGFuYWx5c2lzLS1TY2llbnRvbWV0cmljcy5wZGYAAA4AzABlAEIAaQBuAGcAbwBsADIAMAAxADYALQBEAG8AcwBsAHUALQBDAG8AbgB0AGUAeAB0ACAAcwBlAG4AcwBpAHQAaQB2AGUAIABhAHIAdABpAGMAbABlACAAcgBhAG4AawBpAG4AZwAgAHcAaQB0AGgAIABjAGkAdABhAHQAaQBvAG4AIABjAG8AbgB0AGUAeAB0ACAAYQBuAGEAbAB5AHMAaQBzAC0ALQBTAGMAaQBlAG4AdABvAG0AZQB0AHIAaQBjAHMALgBwAGQAZgAPABoADABNAGEAYwBpAG4AdABvAHMAaAAgAEgARAASAJtVc2Vycy9iaW5nb2wvRG9jdW1lbnRzL0JVL1Jlc2VhcmNoL1BhcGVyLVB1Ymxpc2hlZC1IQi9CaW5nb2wyMDE2LURvc2x1LUNvbnRleHQgc2Vuc2l0aXZlIGFydGljbGUgcmFua2luZyB3aXRoIGNpdGF0aW9uIGNvbnRleHQgYW5hbHlzaXMtLVNjaWVudG9tZXRyaWNzLnBkZgAAEwABLwAAFQACAA3//wAAAAgADQAaACQAxAAAAAAAAAIBAAAAAAAAAAUAAAAAAAAAAAAAAAAAAAO0}}

@article{tasgin2018CDPreference,
	Author = {Tasgin, Mursel and Bingol, Haluk O},
	Date-Added = {2019-04-08 06:36:18 +0300},
	Date-Modified = {2019-04-08 10:37:11 +0300},
	Journal = {Physica A: Statistical Mechanics and its Applications},
	Keywords = {CD},
	Pages = {126--136},
	Publisher = {Elsevier},
	Title = {Community detection using preference networks},
	Volume = {495},
	Year = {2018},
	Bdsk-File-1 = {YnBsaXN0MDDSAQIDBFxyZWxhdGl2ZVBhdGhZYWxpYXNEYXRhXxCKLi4vLi4vLi4vLi4vLi4vRG9jdW1lbnRzL0JVL1Jlc2VhcmNoL1BhcGVyLVB1Ymxpc2hlZC1IQi9CaW5nb2wyMDE4LVRhc2dpbi1Db21tdW5pdHkgZGV0ZWN0aW9uIHVzaW5nIHByZWZlcmVuY2UgbmV0d29ya3MgLS0gUGh5c2ljYUErU0kucGRmTxECngAAAAACngACAAAMTWFjaW50b3NoIEhEAAAAAAAAAAAAAAAAAAAAAAAAAEJEAAH/////H0JpbmdvbDIwMTgtVGFzZ2luLSNGRkZGRkZGRi5wZGYAAAAAAAAAAAAAAAAAAAAAAAAAAAAAAAAAAAAAAAAAAP////8AAAAAAAAAAAAAAAAABQAFAAAKIGN1AAAAAAAAAAAAAAAAABJQYXBlci1QdWJsaXNoZWQtSEIAAgCKLzpVc2VyczpiaW5nb2w6RG9jdW1lbnRzOkJVOlJlc2VhcmNoOlBhcGVyLVB1Ymxpc2hlZC1IQjpCaW5nb2wyMDE4LVRhc2dpbi1Db21tdW5pdHkgZGV0ZWN0aW9uIHVzaW5nIHByZWZlcmVuY2UgbmV0d29ya3MgLS0gUGh5c2ljYUErU0kucGRmAA4ApgBSAEIAaQBuAGcAbwBsADIAMAAxADgALQBUAGEAcwBnAGkAbgAtAEMAbwBtAG0AdQBuAGkAdAB5ACAAZABlAHQAZQBjAHQAaQBvAG4AIAB1AHMAaQBuAGcAIABwAHIAZQBmAGUAcgBlAG4AYwBlACAAbgBlAHQAdwBvAHIAawBzACAALQAtACAAUABoAHkAcwBpAGMAYQBBACsAUwBJAC4AcABkAGYADwAaAAwATQBhAGMAaQBuAHQAbwBzAGgAIABIAEQAEgCIVXNlcnMvYmluZ29sL0RvY3VtZW50cy9CVS9SZXNlYXJjaC9QYXBlci1QdWJsaXNoZWQtSEIvQmluZ29sMjAxOC1UYXNnaW4tQ29tbXVuaXR5IGRldGVjdGlvbiB1c2luZyBwcmVmZXJlbmNlIG5ldHdvcmtzIC0tIFBoeXNpY2FBK1NJLnBkZgATAAEvAAAVAAIADf//AAAACAANABoAJACxAAAAAAAAAgEAAAAAAAAABQAAAAAAAAAAAAAAAAAAA1M=}}

@article{tasgin2019CDBoundry,
	Author = {Tasgin, Mursel and Bingol, Haluk O},
	Date-Added = {2019-04-08 06:33:40 +0300},
	Date-Modified = {2019-04-08 10:36:27 +0300},
	Journal = {Physica A: Statistical Mechanics and its Applications},
	Keywords = {CD},
	Pages = {315--324},
	Publisher = {Elsevier},
	Title = {Community detection using boundary nodes in complex networks},
	Volume = {513},
	Year = {2019},
	Bdsk-File-1 = {YnBsaXN0MDDSAQIDBFxyZWxhdGl2ZVBhdGhZYWxpYXNEYXRhXxCWLi4vLi4vLi4vLi4vLi4vRG9jdW1lbnRzL0JVL1Jlc2VhcmNoL1BhcGVyLVB1Ymxpc2hlZC1IQi9CaW5nb2wyMDE5LVRhc2dpbi1Db21tdW5pdHkgZGV0ZWN0aW9uIHVzaW5nIGJvdW5kYXJ5IG5vZGVzIGluIGNvbXBsZXggbmV0d29ya3MgLS0gUGh5c2ljYUEucGRmTxECzgAAAAACzgACAAAMTWFjaW50b3NoIEhEAAAAAAAAAAAAAAAAAAAAAAAAAEJEAAH/////H0JpbmdvbDIwMTktVGFzZ2luLSNGRkZGRkZGRi5wZGYAAAAAAAAAAAAAAAAAAAAAAAAAAAAAAAAAAAAAAAAAAP////8AAAAAAAAAAAAAAAAABQAFAAAKIGN1AAAAAAAAAAAAAAAAABJQYXBlci1QdWJsaXNoZWQtSEIAAgCWLzpVc2VyczpiaW5nb2w6RG9jdW1lbnRzOkJVOlJlc2VhcmNoOlBhcGVyLVB1Ymxpc2hlZC1IQjpCaW5nb2wyMDE5LVRhc2dpbi1Db21tdW5pdHkgZGV0ZWN0aW9uIHVzaW5nIGJvdW5kYXJ5IG5vZGVzIGluIGNvbXBsZXggbmV0d29ya3MgLS0gUGh5c2ljYUEucGRmAA4AvgBeAEIAaQBuAGcAbwBsADIAMAAxADkALQBUAGEAcwBnAGkAbgAtAEMAbwBtAG0AdQBuAGkAdAB5ACAAZABlAHQAZQBjAHQAaQBvAG4AIAB1AHMAaQBuAGcAIABiAG8AdQBuAGQAYQByAHkAIABuAG8AZABlAHMAIABpAG4AIABjAG8AbQBwAGwAZQB4ACAAbgBlAHQAdwBvAHIAawBzACAALQAtACAAUABoAHkAcwBpAGMAYQBBAC4AcABkAGYADwAaAAwATQBhAGMAaQBuAHQAbwBzAGgAIABIAEQAEgCUVXNlcnMvYmluZ29sL0RvY3VtZW50cy9CVS9SZXNlYXJjaC9QYXBlci1QdWJsaXNoZWQtSEIvQmluZ29sMjAxOS1UYXNnaW4tQ29tbXVuaXR5IGRldGVjdGlvbiB1c2luZyBib3VuZGFyeSBub2RlcyBpbiBjb21wbGV4IG5ldHdvcmtzIC0tIFBoeXNpY2FBLnBkZgATAAEvAAAVAAIADf//AAAACAANABoAJAC9AAAAAAAAAgEAAAAAAAAABQAAAAAAAAAAAAAAAAAAA48=}}

@article{cimentepe2017JTB,
	Author = {Cimentepe, Ibrahim and Bingol, Haluk O},
	Date-Added = {2019-04-08 06:30:04 +0300},
	Date-Modified = {2019-04-08 10:37:18 +0300},
	Journal = {Journal of theoretical biology},
	Keywords = {Language},
	Pages = {142--148},
	Publisher = {Elsevier},
	Title = {Parent oriented teacher selection causes language diversity},
	Volume = {429},
	Year = {2017},
	Bdsk-File-1 = {YnBsaXN0MDDSAQIDBFxyZWxhdGl2ZVBhdGhZYWxpYXNEYXRhXxCRLi4vLi4vLi4vLi4vLi4vRG9jdW1lbnRzL0JVL1Jlc2VhcmNoL1BhcGVyLVB1Ymxpc2hlZC1IQi9CaW5nb2wyMDE3LUNpbWVudGVwZS1QYXJlbnQgb3JpZW50ZWQgdGVhY2hlciBzZWxlY3Rpb24gY2F1c2VzIGxhbmd1YWdlIGRpdmVyc2l0eS0tSlRCLnBkZk8RArwAAAAAArwAAgAADE1hY2ludG9zaCBIRAAAAAAAAAAAAAAAAAAAAAAAAABCRAAB/////x9CaW5nb2wyMDE3LUNpbWVudGUjRkZGRkZGRkYucGRmAAAAAAAAAAAAAAAAAAAAAAAAAAAAAAAAAAAAAAAAAAD/////AAAAAAAAAAAAAAAAAAUABQAACiBjdQAAAAAAAAAAAAAAAAASUGFwZXItUHVibGlzaGVkLUhCAAIAkS86VXNlcnM6YmluZ29sOkRvY3VtZW50czpCVTpSZXNlYXJjaDpQYXBlci1QdWJsaXNoZWQtSEI6QmluZ29sMjAxNy1DaW1lbnRlcGUtUGFyZW50IG9yaWVudGVkIHRlYWNoZXIgc2VsZWN0aW9uIGNhdXNlcyBsYW5ndWFnZSBkaXZlcnNpdHktLUpUQi5wZGYAAA4AtABZAEIAaQBuAGcAbwBsADIAMAAxADcALQBDAGkAbQBlAG4AdABlAHAAZQAtAFAAYQByAGUAbgB0ACAAbwByAGkAZQBuAHQAZQBkACAAdABlAGEAYwBoAGUAcgAgAHMAZQBsAGUAYwB0AGkAbwBuACAAYwBhAHUAcwBlAHMAIABsAGEAbgBnAHUAYQBnAGUAIABkAGkAdgBlAHIAcwBpAHQAeQAtAC0ASgBUAEIALgBwAGQAZgAPABoADABNAGEAYwBpAG4AdABvAHMAaAAgAEgARAASAI9Vc2Vycy9iaW5nb2wvRG9jdW1lbnRzL0JVL1Jlc2VhcmNoL1BhcGVyLVB1Ymxpc2hlZC1IQi9CaW5nb2wyMDE3LUNpbWVudGVwZS1QYXJlbnQgb3JpZW50ZWQgdGVhY2hlciBzZWxlY3Rpb24gY2F1c2VzIGxhbmd1YWdlIGRpdmVyc2l0eS0tSlRCLnBkZgAAEwABLwAAFQACAA3//wAAAAgADQAaACQAuAAAAAAAAAIBAAAAAAAAAAUAAAAAAAAAAAAAAAAAAAN4}}

@incollection{pembe2010wikipedia,
	Author = {Pembe, F Canan and Bingol, Haluk},
	Booktitle = {Unifying Themes in Complex Systems},
	Date-Added = {2019-04-08 06:26:40 +0300},
	Date-Modified = {2019-04-08 10:39:04 +0300},
	Keywords = {CN, Language},
	Pages = {612--617},
	Publisher = {Springer},
	Title = {Complex networks in different languages: A study of an emergent multilingual encyclopedia},
	Year = {2010},
	Bdsk-File-1 = {YnBsaXN0MDDSAQIDBFxyZWxhdGl2ZVBhdGhZYWxpYXNEYXRhXxCwLi4vLi4vLi4vLi4vLi4vRG9jdW1lbnRzL0JVL1Jlc2VhcmNoL1BhcGVyLVB1Ymxpc2hlZC1IQi9CaW5nb2wyMDEwLVBlbWJlLUNvbXBsZXggTmV0d29ya3MgaW4gRGlmZmVyZW50IExhbmd1YWdlczogQSBTdHVkeSBvZiBhbiBFbWVyZ2VudCBNdWx0aWxpbmd1YWwgRW5jeWNsb3BlZGlhIC0tIGJvb2tDaC5wZGZPEQM2AAAAAAM2AAIAAAxNYWNpbnRvc2ggSEQAAAAAAAAAAAAAAAAAAAAAAAAAQkQAAf////8fQmluZ29sMjAxMC1QZW1iZS1DI0ZGRkZGRkZGLnBkZgAAAAAAAAAAAAAAAAAAAAAAAAAAAAAAAAAAAAAAAAAA/////wAAAAAAAAAAAAAAAAAFAAUAAAogY3UAAAAAAAAAAAAAAAAAElBhcGVyLVB1Ymxpc2hlZC1IQgACALAvOlVzZXJzOmJpbmdvbDpEb2N1bWVudHM6QlU6UmVzZWFyY2g6UGFwZXItUHVibGlzaGVkLUhCOkJpbmdvbDIwMTAtUGVtYmUtQ29tcGxleCBOZXR3b3JrcyBpbiBEaWZmZXJlbnQgTGFuZ3VhZ2VzLyBBIFN0dWR5IG9mIGFuIEVtZXJnZW50IE11bHRpbGluZ3VhbCBFbmN5Y2xvcGVkaWEgLS0gYm9va0NoLnBkZgAOAPIAeABCAGkAbgBnAG8AbAAyADAAMQAwAC0AUABlAG0AYgBlAC0AQwBvAG0AcABsAGUAeAAgAE4AZQB0AHcAbwByAGsAcwAgAGkAbgAgAEQAaQBmAGYAZQByAGUAbgB0ACAATABhAG4AZwB1AGEAZwBlAHMALwAgAEEAIABTAHQAdQBkAHkAIABvAGYAIABhAG4AIABFAG0AZQByAGcAZQBuAHQAIABNAHUAbAB0AGkAbABpAG4AZwB1AGEAbAAgAEUAbgBjAHkAYwBsAG8AcABlAGQAaQBhACAALQAtACAAYgBvAG8AawBDAGgALgBwAGQAZgAPABoADABNAGEAYwBpAG4AdABvAHMAaAAgAEgARAASAK5Vc2Vycy9iaW5nb2wvRG9jdW1lbnRzL0JVL1Jlc2VhcmNoL1BhcGVyLVB1Ymxpc2hlZC1IQi9CaW5nb2wyMDEwLVBlbWJlLUNvbXBsZXggTmV0d29ya3MgaW4gRGlmZmVyZW50IExhbmd1YWdlczogQSBTdHVkeSBvZiBhbiBFbWVyZ2VudCBNdWx0aWxpbmd1YWwgRW5jeWNsb3BlZGlhIC0tIGJvb2tDaC5wZGYAEwABLwAAFQACAA3//wAAAAgADQAaACQA1wAAAAAAAAIBAAAAAAAAAAUAAAAAAAAAAAAAAAAAAAQR}}

@article{aladag2018suicide,
	Abstract = {Background: In 2016, 44,965 people in the United States died by suicide. It is common to see people with suicidal ideation seek help or leave suicide notes on social media before attempting suicide. Many prefer to express their feelings with longer passages on forums such as Reddit and blogs. Because these expressive posts follow regular language patterns, potential suicide attempts can be prevented by detecting suicidal posts as they are written. Objective: This study aims to build a classifier that differentiates suicidal and nonsuicidal forum posts via text mining methods applied on post titles and bodies. Methods: A total of 508,398 Reddit posts longer than 100 characters and posted between 2008 and 2016 on SuicideWatch, Depression, Anxiety, and ShowerThoughts subreddits were downloaded from the publicly available Reddit dataset. Of these, 10,785 posts were randomly selected and 785 were manually annotated as suicidal or nonsuicidal. Features were extracted using term frequency-inverse document frequency, linguistic inquiry and word count, and sentiment analysis on post titles and bodies. Logistic regression, random forest, and support vector machine (SVM) classification algorithms were applied on resulting corpus and prediction performance is evaluated. Results: The logistic regression and SVM classifiers correctly identified suicidality of posts with 80\% to 92\% accuracy and F1 score, respectively, depending on different data compositions closely followed by random forest, compared to baseline ZeroR algorithm achieving 50\% accuracy and 66\% F1 score. Conclusions: This study demonstrated that it is possible to detect people with suicidal ideation on online forums with high accuracy. The logistic regression classifier in this study can potentially be embedded on blogs and forums to make the decision to offer real-time online counseling in case a suicidal post is being written. },
	Author = {Aladag, Emre Ahmet and Muderrisoglu, Serra and Akbas, Berfu Naz and Zahmacioglu, Oguzhan and Bingol, O. Haluk},
	Date-Modified = {2019-04-08 12:23:13 +0300},
	Day = {21},
	Doi = {10.2196/jmir.9840},
	Journal = {J Med Internet Res},
	Keywords = {suicidal surveillance, Language},
	Number = {6},
	Pages = {e215},
	Title = {Detecting Suicidal Ideation on Forums: Proof-of-Concept Study},
	Url = {http://www.jmir.org/2018/6/e215/},
	Volume = {20},
	Year = {2018},
	Bdsk-File-1 = {YnBsaXN0MDDSAQIDBFxyZWxhdGl2ZVBhdGhZYWxpYXNEYXRhXxCcLi4vLi4vLi4vLi4vLi4vRG9jdW1lbnRzL0JVL1Jlc2VhcmNoL1BhcGVyLVB1Ymxpc2hlZC1IQi9CaW5nb2wyMDE4LUFsYWRhZy1EZXRlY3RpbmcgU3VpY2lkYWwgSWRlYXRpb24gb24gRm9ydW1zLSBQcm9vZi1vZi1Db25jZXB0IFN0dWR5IC0tIEpNZWRJbnRSZXMrU0kucGRmTxEC5gAAAAAC5gACAAAMTWFjaW50b3NoIEhEAAAAAAAAAAAAAAAAAAAAAAAAAEJEAAH/////H0JpbmdvbDIwMTgtQWxhZGFnLSNGRkZGRkZGRi5wZGYAAAAAAAAAAAAAAAAAAAAAAAAAAAAAAAAAAAAAAAAAAP////8AAAAAAAAAAAAAAAAABQAFAAAKIGN1AAAAAAAAAAAAAAAAABJQYXBlci1QdWJsaXNoZWQtSEIAAgCcLzpVc2VyczpiaW5nb2w6RG9jdW1lbnRzOkJVOlJlc2VhcmNoOlBhcGVyLVB1Ymxpc2hlZC1IQjpCaW5nb2wyMDE4LUFsYWRhZy1EZXRlY3RpbmcgU3VpY2lkYWwgSWRlYXRpb24gb24gRm9ydW1zLSBQcm9vZi1vZi1Db25jZXB0IFN0dWR5IC0tIEpNZWRJbnRSZXMrU0kucGRmAA4AygBkAEIAaQBuAGcAbwBsADIAMAAxADgALQBBAGwAYQBkAGEAZwAtAEQAZQB0AGUAYwB0AGkAbgBnACAAUwB1AGkAYwBpAGQAYQBsACAASQBkAGUAYQB0AGkAbwBuACAAbwBuACAARgBvAHIAdQBtAHMALQAgAFAAcgBvAG8AZgAtAG8AZgAtAEMAbwBuAGMAZQBwAHQAIABTAHQAdQBkAHkAIAAtAC0AIABKAE0AZQBkAEkAbgB0AFIAZQBzACsAUwBJAC4AcABkAGYADwAaAAwATQBhAGMAaQBuAHQAbwBzAGgAIABIAEQAEgCaVXNlcnMvYmluZ29sL0RvY3VtZW50cy9CVS9SZXNlYXJjaC9QYXBlci1QdWJsaXNoZWQtSEIvQmluZ29sMjAxOC1BbGFkYWctRGV0ZWN0aW5nIFN1aWNpZGFsIElkZWF0aW9uIG9uIEZvcnVtcy0gUHJvb2Ytb2YtQ29uY2VwdCBTdHVkeSAtLSBKTWVkSW50UmVzK1NJLnBkZgATAAEvAAAVAAIADf//AAAACAANABoAJADDAAAAAAAAAgEAAAAAAAAABQAAAAAAAAAAAAAAAAAAA60=}}
