
@comment{jabref-meta: databaseType:bibtex;}



@url{stackoverflow0findingDiff,
	author = {stackoverflow.com},
	date-added = {2021-03-27 08:59:54 +0300},
	date-modified = {2021-03-27 09:32:19 +0300},
	keywords = {cccc},
	lastchecked = {2021-03-27},
	month = {03},
	title = {Aaaaaa},
	url = {https://stackoverflow.com/questions/9903541/finding-diff-between-current-and-last-version},
	urldate = {bbb},
	year = {2021},
	Bdsk-Url-1 = {https://stackoverflow.com/questions/9903541/finding-diff-between-current-and-last-version}}

@book{knuth1989metafont,
	author = {Knuth, Donald E},
	date-added = {2021-03-26 16:09:28 +0300},
	date-modified = {2021-03-26 16:09:28 +0300},
	publisher = {Addison-Wesley Longman Publishing Co., Inc.},
	title = {The METAFONT book},
	year = {1989}}

@book{knuth1984texbook,
	author = {Knuth, Donald Ervin and Bibby, Duane},
	date-added = {2021-03-26 16:08:47 +0300},
	date-modified = {2021-03-26 16:09:51 +0300},
	publisher = {Addison-Wesley Reading},
	title = {The TeXbook},
	volume = {15},
	year = {1984}}

@book{knuth2014art,
	author = {Knuth, Donald E},
	date-added = {2021-03-26 16:07:40 +0300},
	date-modified = {2021-03-26 16:07:40 +0300},
	publisher = {Addison-Wesley Professional},
	title = {Art of computer programming, volume 2: Seminumerical algorithms},
	year = {2014}}

@book{graham1989concrete,
	author = {Ronald, L Graham and Donald, E Knuth and Oren, Patashnik},
	date-added = {2021-03-26 15:59:26 +0300},
	date-modified = {2021-03-26 16:00:25 +0300},
	edition = {2},
	publisher = {Addison-Wesley Reading, MA},
	title = {Concrete Mathematics; A Foundation for Computer Science},
	year = {1994}}

@article{feynman1985surely,
	author = {Feynman, Richard P and Sackett, Penny D},
	date-added = {2021-03-26 15:31:07 +0300},
	date-modified = {2021-03-26 15:31:07 +0300},
	journal = {American Journal of Physics},
	number = {12},
	pages = {1214--1216},
	publisher = {American Association of Physics Teachers},
	title = {``Surely You're Joking Mr. Feynman!''Adventures of a Curious Character},
	volume = {53},
	year = {1985}}

@book{feynman2018gravitation,
	author = {Feynman, Richard},
	date-added = {2021-03-26 15:29:16 +0300},
	date-modified = {2021-03-26 15:29:47 +0300},
	publisher = {CRC Press},
	title = {Feynman lectures on gravitation},
	year = {2018}}

@book{feynman2018computation,
	author = {Feynman, Richard P},
	date-added = {2021-03-26 15:28:26 +0300},
	date-modified = {2021-03-26 15:29:58 +0300},
	publisher = {CRC Press},
	title = {Feynman lectures on computation},
	year = {2018}}

@book{feynman2011feynman,
	author = {Feynman, Richard P and Leighton, Robert B and Sands, Matthew},
	date-added = {2021-03-26 15:28:10 +0300},
	date-modified = {2021-03-26 15:28:10 +0300},
	publisher = {Basic books},
	title = {The Feynman lectures on physics, Vol. I: The new millennium edition: mainly mechanics, radiation, and heat},
	volume = {1},
	year = {2011}}

@book{feynman2015feynman,
	author = {Feynman, Richard P and Sands, Matthew and Leighton, Robert B},
	date-added = {2021-03-26 15:27:44 +0300},
	date-modified = {2021-03-26 15:27:44 +0300},
	publisher = {Basic books},
	title = {The Feynman Lectures on Physics, boxed set: The new millennium edition},
	year = {2015}}

@article{feynman1965feynman,
	author = {Feynman, Richard P and Leighton, Robert B and Sands, Matthew},
	date-added = {2021-03-26 15:27:27 +0300},
	date-modified = {2021-03-26 15:27:27 +0300},
	journal = {American Journal of Physics},
	number = {9},
	pages = {750--752},
	publisher = {American Association of Physics Teachers},
	title = {The feynman lectures on physics; vol. i},
	volume = {33},
	year = {1965}}

@incollection{gong2016CrossGenerational,
	author = {Gong, Tao and Shuai, Lan},
	booktitle = {Towards a Theoretical Framework for Analyzing Complex Linguistic Networks},
	date-added = {2017-05-18 09:05:17 +0000},
	date-modified = {2017-05-18 09:05:31 +0000},
	pages = {237--256},
	publisher = {Springer Berlin Heidelberg},
	title = {Simulating the effects of cross-generational cultural transmission on language change},
	year = {2016}}

@manual{wikiComplexNetwork,
	author = {wikipedia.org},
	date-added = {2017-02-19 14:11:07 +0000},
	date-modified = {2021-03-05 14:44:05 +0300},
	title = {Complex network},
	url = {https://en.wikipedia.org/wiki/Complex_network},
	year = {2017 (accessed February 20, 2017)},
	Bdsk-Url-1 = {https://en.wikipedia.org/wiki/Tower_of_Babel},
	Bdsk-Url-2 = {https://en.wikipedia.org/wiki/Complex_network}}

@book{chomsky1993,
	author = {Chomsky, N.},
	publisher = {Moyer Bell},
	series = {Anshen transdisciplinary lectureships in art, science, and the philosophy of culture},
	title = {Language and Thought},
	year = {1993}}

@article{Zangwill2014,
	author = {Zangwill, Nick},
	issn = {1086-329X},
	journal = {Philosophy and Literature},
	number = {1},
	pages = {142--152},
	title = {Metaphor as Apropriation},
	volume = {38},
	year = {2014}}

@article{acemoglu2010,
	author = {Acemoglu, Daron and Ozdaglar, Asuman and ParandehGheibi, Ali},
	journal = {Games and Economic Behavior},
	number = {2},
	pages = {194--227},
	publisher = {Elsevier},
	title = {Spread of (mis) information in social networks},
	volume = {70},
	year = {2010}}

@article{acemoglu2011,
	author = {Acemoglu, Daron and Dahleh, Munther A and Lobel, Ilan and Ozdaglar, Asuman},
	journal = {The Review of Economic Studies},
	number = {4},
	pages = {1201--1236},
	publisher = {Oxford University Press},
	title = {Bayesian learning in social networks},
	volume = {78},
	year = {2011}}
