%% This BibTeX bibliography file was created using BibDesk.
%% https://bibdesk.sourceforge.io/

%% Created for bingol at 2021-03-05 14:44:05 +0300 


%% Saved with string encoding Unicode (UTF-8) 


@comment{jabref-meta: databaseType:bibtex;}



@incollection{gong2016CrossGenerational,
	author = {Gong, Tao and Shuai, Lan},
	booktitle = {Towards a Theoretical Framework for Analyzing Complex Linguistic Networks},
	date-added = {2017-05-18 09:05:17 +0000},
	date-modified = {2017-05-18 09:05:31 +0000},
	pages = {237--256},
	publisher = {Springer Berlin Heidelberg},
	title = {Simulating the effects of cross-generational cultural transmission on language change},
	year = {2016}}

@manual{wikiComplexNetwork,
	author = {wikipedia.org},
	date-added = {2017-02-19 14:11:07 +0000},
	date-modified = {2021-03-05 14:44:05 +0300},
	title = {Complex network},
	url = {https://en.wikipedia.org/wiki/Complex_network},
	year = {2017 (accessed February 20, 2017)},
	Bdsk-Url-1 = {https://en.wikipedia.org/wiki/Tower_of_Babel}}

@book{chomsky1993,
	author = {Chomsky, N.},
	publisher = {Moyer Bell},
	series = {Anshen transdisciplinary lectureships in art, science, and the philosophy of culture},
	title = {Language and Thought},
	year = {1993}}

@article{Zangwill2014,
	author = {Zangwill, Nick},
	issn = {1086-329X},
	journal = {Philosophy and Literature},
	number = {1},
	pages = {142--152},
	title = {Metaphor as Apropriation},
	volume = {38},
	year = {2014}}

@article{acemoglu2010,
	author = {Acemoglu, Daron and Ozdaglar, Asuman and ParandehGheibi, Ali},
	journal = {Games and Economic Behavior},
	number = {2},
	pages = {194--227},
	publisher = {Elsevier},
	title = {Spread of (mis) information in social networks},
	volume = {70},
	year = {2010}}

@article{acemoglu2011,
	author = {Acemoglu, Daron and Dahleh, Munther A and Lobel, Ilan and Ozdaglar, Asuman},
	journal = {The Review of Economic Studies},
	number = {4},
	pages = {1201--1236},
	publisher = {Oxford University Press},
	title = {Bayesian learning in social networks},
	volume = {78},
	year = {2011}}
