@FOOTNOTE{Note1,key="Note1",note="{\protect \color  {red} @HB : } This is a footnote by HB. "}
@FOOTNOTE{Note2,key="Note2",note="{\protect \color  {red} @AB : } This is a footnote by AB. "}
@FOOTNOTE{Note3,key="Note3",note=" This is a footnote that should stay in the final version of the document. "}
