%% This BibTeX bibliography file was created using BibDesk.
%% https://bibdesk.sourceforge.io/

%% Created for bingol at 2021-03-04 15:33:22 +0300 


%% Saved with string encoding Unicode (UTF-8) 



@article{covid2020modeling,
	author = {COVID, Team IHME and Reiner, RC and Barber, RM and Collins, JK},
	date-added = {2021-03-04 15:32:55 +0300},
	date-modified = {2021-03-04 15:32:55 +0300},
	journal = {Nature medicine},
	title = {Modeling COVID-19 scenarios for the United States.},
	year = {2020}}
