%% This BibTeX bibliography file was created using BibDesk.
%% https://bibdesk.sourceforge.io/

%% Created for bingol at 2020-05-13 08:21:26 +0300 


%% Saved with string encoding Unicode (UTF-8) 


@comment{jabref-meta: databaseType:bibtex;}



@book{duda2012pattern,
	Author = {Duda, Richard O and Hart, Peter E and Stork, David G},
	Date-Modified = {2017-05-09 06:34:47 +0000},
	Publisher = {John Wiley \& Sons},
	Title = {Pattern Classification},
	Year = {2012}}

@article{fortunato2010,
	Author = {Fortunato, Santo},
	Date-Modified = {2016-06-30 16:15:03 +0000},
	Journal = {Physics Reports},
	Number = {3},
	Pages = {75--174},
	Publisher = {Elsevier},
	Title = {Community Detection in Graphs},
	Volume = {486},
	Year = {2010}}
